1939 3228
94 867 127 892 10

95 1206 125 1231 15

95 1548 127 1572 20

94 1887 126 1913 25

753 139 797 168 x.
861 136 901 181 τ,
936 136 1107 168 19—29.
1655 129 1736 170 251

147 241 289 295 potius
321 254 447 295 quam
478 240 651 282 omnino
681 255 770 282 non
801 241 1003 282 dicamus.
1066 242 1130 282 est
1161 242 1203 282 et
1239 240 1313 282 illa
1345 242 1595 284 exercitatio
1628 242 1739 297 cogi·
1754 240 1808 283 25

146 309 268 350 tandi
305 310 499 363 totasque
544 309 743 350 materias
788 309 857 350 uel
895 309 1066 350 silentio
1106 309 1225 363 (dum
1268 311 1412 351 tamen
1459 311 1580 365 quasi
1626 311 1741 352 dicat

146 377 262 419 intra
293 391 336 418 se
366 377 524 432 ipsum)
547 377 840 432 persequendi,
873 392 979 432 quae
1010 378 1128 419 nullo
1159 392 1246 419 non
1279 380 1321 419 et
1350 380 1540 432 tempore
1572 381 1614 420 et
1634 379 1738 432 1060,

147 445 317 501 quando
348 460 435 486 non
467 445 581 486 aliud
612 446 800 501 agimus,
836 445 1039 500 explicari
1069 448 1231 500 potest,
1266 448 1308 487 et
1339 449 1402 488 est
1432 447 1476 487 iu
1508 450 1630 501 parte
1660 448 1739 488 uti-

147 514 227 556 lior
257 529 384 569 quam
414 513 519 555 haec
550 514 764 569 proxima:
797 513 1045 569 diligentius
1069 514 1181 555 enim
1204 515 1472 569 componitur
1493 529 1619 570 quam
1649 515 1736 569 illa,
1754 514 1808 555 26

146 583 192 624 111
224 597 306 637 qua
340 584 586 624 contextum
617 582 785 623 dicendi
817 582 1101 623 intermittere
1132 596 1341 624 ueremur.
1403 597 1546 624 rursus
1577 584 1622 625 in
1655 584 1739 625 alia

145 651 240 705 plus
278 651 395 705 prior
435 650 620 705 confert,
660 651 775 692 uocis
813 650 1078 703 firmitatem,
1127 650 1210 691 oris
1255 650 1530 705 facilitatem,
1578 654 1740 693 motum

147 719 355 773 corporis,
396 720 466 773 qui
506 721 547 760 et
584 719 694 774 ipse,
733 721 780 760 ut
818 719 924 772 dixi,
967 719 1125 759 excitat
1162 721 1375 759 oratorem
1421 721 1464 760 et
1508 719 1739 762 iactatione

146 802 317 838 manus,
360 787 479 841 pedis
517 787 810 842 supplosione,
851 786 961 828 sicut
999 786 1132 828 cauda
1171 786 1312 828 leones
1351 787 1493 829 facere
1525 788 1737 842 dicuntur,

145 855 356 896 hortatur.
417 855 672 896 studendum
703 870 802 896 uero
841 869 1007 909 semper
1038 857 1080 896 et
1110 855 1277 910 ubique.
1339 870 1476 910 neque
1508 856 1621 897 enim
1651 856 1739 898 fere
1756 858 1806 899 27

144 925 233 964 tam
265 925 330 965 est
359 922 469 964 ullus
501 923 589 964 dies
621 926 866 978 occupatus,
899 925 947 964 ut
976 923 1085 964 nihil
1116 923 1364 977 lucratiuae,
1399 926 1446 965 ut
1467 923 1614 967 Cicero
1635 923 1740 965 Bru-

144 993 235 1033 tum
264 991 407 1033 facere
428 992 574 1046 tradit,
608 1006 760 1046 operae
783 991 836 1032 ad
858 991 1129 1033 scribendum
1152 993 1224 1032 aut
1253 991 1482 1047 legendum
1506 995 1578 1034 aut
1600 993 1739 1034 dicen-

145 1060 241 1101 dum
274 1060 366 1114 rapi
406 1059 547 1114 aliquo
587 1062 802 1101 momento
833 1059 1037 1115 temporis
1076 1060 1230 1114 possit:
1282 1060 1490 1115 siquidem
1523 1061 1568 1103 C.
1603 1061 1739 1104 Carbo

146 1129 274 1170 etiam
305 1128 351 1169 in
389 1128 668 1169 tabernaculo
699 1128 864 1169 solebat
902 1129 981 1169 hac
1012 1129 1075 1169 uti
1107 1128 1410 1170 exercitatione
1443 1129 1625 1171 dicendi.
1686 1145 1739 1171 ne
1753 1131 1807 1172 28

145 1197 187 1238 id
228 1197 396 1252 quidem
433 1197 662 1238 tacendum
695 1198 780 1250 est,
820 1196 931 1251 quod
972 1196 1107 1237 eidem
1140 1196 1335 1238 Ciceroni
1372 1197 1536 1252 placet,
1577 1198 1740 1239 nullum

144 1268 338 1307 nostrum
358 1280 536 1320 usquam
558 1265 862 1320 neglegentem
885 1279 974 1306 esse
997 1280 1253 1307 sermonem:
1285 1265 1489 1320 quidquid
1521 1265 1741 1320 loquemur

144 1334 412 1389 ubicumque,
446 1334 502 1375 sit
532 1349 607 1389 pro
640 1349 715 1375 sua
746 1333 909 1375 56111661
940 1333 1137 1388 portione
1168 1333 1418 1388 perfectum.
1469 1334 1739 1375 scribendum

146 1404 258 1444 certe
289 1417 520 1457 numquam
553 1405 616 1444 est
646 1402 798 1457 magis,
833 1416 959 1457 quam
983 1416 1077 1443 cum
1096 1402 1230 1442 multa
1252 1401 1438 1443 dicemus
1461 1417 1511 1443 ex
1532 1405 1737 1457 tempore.

145 1470 204 1512 ita
236 1471 348 1512 enim
380 1472 622 1512 seruabitur
657 1470 823 1525 pondus
863 1472 905 1511 et
942 1470 1146 1510 innatans
1186 1470 1259 1511 illa
1295 1470 1520 1511 uerborum
1551 1470 1739 1512 facilitas

146 1539 191 1580 111
213 1538 346 1579 altum
367 1540 606 1594 reducetur,
639 1540 749 1581 sicut
769 1539 917 1580 rustici
939 1539 1156 1592 proximas
1190 1539 1289 1580 uitis
1311 1539 1474 1580 radices
1497 1541 1737 1593 amputant,

145 1622 251 1662 quae
295 1607 414 1649 illam
463 1608 509 1649 in
552 1623 761 1649 summum
807 1607 942 1649 solum
987 1607 1170 1660 ducunt,
1215 1609 1263 1648 ut
1306 1607 1529 1649 inferiores
1568 1608 1739 1662 penitus

145 1675 438 1717 descendendo
478 1676 714 1717 firmentur.
777 1691 825 1717 ac
865 1675 1008 1716 nescio
1049 1690 1104 1716 an
1144 1678 1388 1730 utrumque,
1429 1690 1522 1717 611111
1563 1691 1662 1717 cura
1698 1678 1738 1717 et
1752 1679 1808 1720 29

144 1744 283 1785 studio
315 1744 560 1798 fecerimus,
595 1745 780 1786 inuicem
810 1744 967 1799 prosit,
1006 1746 1053 1785 ut
1084 1744 1308 1785 scribendo
1340 1744 1529 1786 dicamus
1562 1745 1741 1800 diligen-

143 1812 249 1866 tius,
298 1812 476 1854 dicendo
522 1813 756 1854 scribamus
797 1812 981 1853 facilius
1052 1812 1323 1853 scribendum
1374 1827 1496 1868 ergo,
1545 1813 1739 1867 quotiens

145 1880 305 1933 licebit,
341 1881 375 1922 si
407 1881 449 1922 id
470 1896 556 1922 non
581 1881 763 1934 dabitur,
797 1881 1092 1936 cogitandum:
1126 1880 1179 1921 ab
1202 1883 1380 1936 utroque
1403 1881 1562 1923 exclusi
1584 1880 1741 1922 debent

144 1950 289 1989 tamen
325 1949 368 1990 id
407 1949 597 2003 efficere,
645 1952 692 1990 ut
730 1964 866 2004 neque
915 1949 1146 2003 deprensus
1186 1951 1328 1990 orator
1373 1964 1509 2005 neque
1548 1948 1740 2005 litigator

144 2016 372 2059 destitutus
404 2032 494 2059 esse
525 2019 733 2059 uideatur.

236 2124 288 2153 11.
313 2123 542 2164 significatur
567 2123 667 2156 locus
694 2123 731 2153 in
757 2124 860 2155 Orat.
889 2125 939 2159 lo,
967 2123 1009 2154 34
1034 2126 1074 2154 ut
1097 2122 1263 2154 uidetur.¹

239 2217 248 2245 l
282 2215 403 2255 potius
428 2233 471 2236 -—
497 2214 661 2245 dieamus
689 2225 748 2245 om.
775 2214 837 2244 Mb
933 2213 1078 2244 omnino
1104 2224 1174 2245 11011
1203 2214 1349 2246 Gesner:
1376 2225 1446 2246 uon
1473 2215 1619 2246 omnino
1645 2214 1670 2244 Β

146 2263 202 2291 est
228 2263 263 2290 et
288 2260 352 2291 illa
378 2260 564 2301 Spaldinq:
592 2264 647 2290 est
671 2259 737 2290 illa
761 2260 798 2294 Β,
827 2264 881 2289 est
910 2259 984 2290 alia
1009 2260 1045 2288 M
1153 2261 1171 2290 3
1197 2259 1294 2290 intra
1319 2260 1400 2290 Mb:
1429 2264 1555 2291 contra
1581 2260 1606 2290 B
1701 2270 1739 2291 se

145 2307 195 2335 M:
223 2316 286 2337 om.
312 2306 337 2336 B
432 2315 502 2336 non
530 2308 585 2336 est
610 2309 771 2345 tempore
798 2305 880 2345 ΒΜ,
909 2315 969 2338 em,
997 2307 1028 2335 in
1055 2306 1106 2338 etl.
1137 2306 1263 2345 (it-mm.
1359 2310 1393 2336 et
1419 2305 1498 2337 loco
1517 2306 1567 2335 M:
1596 2310 1630 2336 te
1657 2305 1738 2336 loco

145 2351 182 2391 B,
212 2351 318 2391 loquo
335 2351 355 2381 b
450 2352 470 2381 4
497 2351 640 2391 quando
658 2351 708 2381 M:
737 2360 805 2390 quo
832 2350 935 2380 modo
961 2350 1000 2388 B,
1028 2351 1119 2380 lmml
1141 2352 1211 2381 scio
1237 2361 1279 2381 an
1306 2355 1397 2381 rec-le
1422 2352 1452 2382 si
1476 2352 1522 2381 ml
1546 2361 1614 2392 quo
1641 2360 1739 2390 repe-

144 2401 198 2427 tas
224 2400 386 2436 tempore
413 2400 450 2427 et
474 2395 567 2431 loco,
595 2400 628 2426 ιιι
653 2395 805 2427 Bursian
831 2399 934 2427 locum
959 2397 1120 2436 intellegsil
1238 2395 1424 2436 explicare
1450 2397 1513 2426 Mb
1614 2395 1739 2427 utilior

145 2442 223 2472 cdd.
250 2446 328 2474 nell.
355 2441 534 2472 utilitatis
559 2441 637 2477 BM,
665 2451 710 2473 ex
734 2441 838 2473 utilis
864 2439 1002 2481 magis?
1121 2443 1140 2472 5
1166 2438 1270 2482 haec]
1302 2444 1356 2472 est
1382 2441 1434 2481 Bg
1460 2443 1530 2472 Im.
1632 2443 1651 2473 6
1677 2440 1736 2471 (16-

145 2487 313 2518 heremus
338 2487 403 2517 Mb
496 2487 516 2517 8
543 2497 610 2528 que
637 2490 674 2518 et
698 2488 718 2518 b
815 2487 996 2518 exercitat
1021 2486 1042 2516 b
1135 2490 1153 2517 9
1181 2486 1306 2517 dicunt
1330 2487 1473 2518 malebat
1499 2486 1666 2527 Spaldingy

148 2534 185 2563 11
214 2531 290 2562 11115
305 2533 351 2573 ¹M
444 2532 522 2563 dies
548 2542 608 2564 om.
635 2533 655 2563 b
755 2531 963 2563 lucratiuue
988 2531 1033 2562 B:
1060 2531 1193 2562 lucrati
1221 2532 1399 2572 (lucratur
1422 2533 1471 2572 M)
1499 2532 1559 2563 uel
1585 2532 1647 2563 Mb

148 2579 186 2608 12
214 2577 310 2608 tradi
333 2578 355 2608 b
471 2588 583 2618 opera
608 2578 671 2609 Mb
772 2581 835 2609 aut
861 2577 1053 2616 legendum
1079 2578 1157 2608 Mb:
1186 2588 1245 2610 om.
1274 2578 1299 2608 B
1417 2579 1457 2609 13
1485 2577 1608 2618 aliquo
1636 2576 1738 2608 modo

1715 2096 1743 2113 -x

146 2626 229 2654 ento
254 2624 275 2654 b
371 2624 410 2653 14
435 2623 489 2654 uti
515 2624 639 2664 itaque
665 2624 700 2653 M
818 2624 857 2655 15
885 2626 941 2654 est
965 2623 1050 2653 BM:
1079 2633 1139 2654 om.
1167 2624 1188 2653 b
1287 2622 1382 2654 idem
1407 2624 1427 2653 b
1522 2622 1634 2653 ullum
1660 2633 1737 2654 urm

144 2678 337 2710 numquam
362 2669 397 2699 M
491 2669 531 2699 16
557 2668 736 2710 loquimur
760 2669 823 2699 Mb
919 2669 957 2699 17
984 2672 1066 2699 sunt
1091 2683 1133 2686 —
1158 2668 1324 2709 perfecte
1349 2669 1369 2699 b
1476 2669 1515 2699 18
1541 2678 1737 2709 numquam

144 2714 223 2744 Mb:
248 2724 426 2755 nusquam
453 2714 478 2744 B
574 2724 652 2745 cun]
678 2715 760 2746 Mb:
788 2725 847 2745 om.
875 2714 900 2744 B
1020 2715 1059 2745 19
1086 2713 1251 2745 seruabit
1276 2714 1301 2744 B
1328 2718 1431 2746 (corr.
1458 2715 1490 2744 in
1515 2713 1581 2755 Bg)
1681 2715 1738 2745 in-

145 2762 278 2790 natans
304 2761 356 2791 ed.
384 2759 587 2791 Stoerz‘mm:
613 2762 790 2791 unatrans
815 2760 851 2799 B,
878 2760 1043 2789 inan-ans
1069 2760 1100 2798 b,
1128 2760 1271 2790 intrans
1289 2760 1324 2788 M
1417 2760 1459 2791 20
1484 2759 1681 2790 reducetur
1697 2761 1737 2791 b:

146 2804 340 2836 reducatur
365 2805 402 2841 B,
430 2805 665 2836 reduceretur
689 2806 725 2834 M
841 2805 938 2835 uitus
963 2805 983 2834 b
1100 2804 1242 2835 radices
1270 2808 1461 2846 amputant
1487 2806 1569 2836 Mb:
1602 2804 1737 2836 radicis

146 2854 333 2891 amputent
358 2851 383 2881 B
478 2852 517 2882 21
545 2850 671 2882 dicunt
697 2854 731 2882 et
757 2850 822 2884 inf.
850 2861 884 2891 p.
912 2848 1157 2881 descendendi
1184 2850 1359 2881 formatur
1383 2851 1403 2881 b
1512 2851 1553 2881 22
1580 2860 1626 2881 an
1651 2850 1737 2882 BM:

147 2905 190 2925 ac
216 2895 245 2926 si
269 2896 301 2937 b,
331 2906 376 2927 an
402 2896 433 2927 si
458 2897 512 2928 ed.
541 2895 654 2935 Camp.
749 2897 790 2927 24
817 2894 971 2927 dicendo
997 2905 1059 2928 om.
1085 2896 1148 2926 Mb
1263 2896 1305 2926 ‘26
1332 2895 1367 2927 id
1395 2895 1539 2928 efficere
1566 2895 1737 2928 Bursian:

145 2937 283 2971 inicere
308 2941 346 2979 Β,
372 2941 520 2972 uincere
546 2942 592 2980 M,
620 2941 728 2972 inniti
754 2943 807 2973 uel
833 2941 951 2972 adniti
977 2940 1052 2971 edd.
1080 2940 1115 2971 id
1142 2950 1252 2981 agere
1278 2940 1420 2979 Badius,
1450 2941 1617 2973 euincere
1651 2941 1733 2976 Tar-

145 2985 287 3018 nehladlz
379 2986 629 3028 deprehensus
654 2987 746 3022 Mbg
841 2989 880 3020 27
908 2985 1111 3019 destinatus
1138 2996 1217 3018 esse
1243 2987 1263 3017 b
