1955 3228
76 843 108 867 10

75 1518 108 1539 2'0

624 113 653 145 1.
716 109 778 156 10,
811 108 965 142 39—49.
1006 110 1064 155 11,
1098 108 1206 140 1—3.
1650 98 1703 139 63

123 218 251 260 etiam
280 216 323 258 id
353 215 445 257 fieri
483 216 641 270 potest,
680 216 728 254 ut
764 214 922 254 maiore
963 213 1140 254 circuitu
1176 212 1315 253 minor
1351 211 1432 252 loci
1471 211 1704 265 amplitudo

125 285 331 326 cludatur.
390 283 497 324 haec
535 283 580 324 in
619 281 771 336 planis.
837 295 937 321 nam
975 281 1020 321 111
1060 280 1235 321 collibus
1273 279 1538 333 uallibusque
1575 279 1703 319 etiam

123 353 320 408 imperito
350 353 471 406 patet
501 351 596 405 plus
627 349 705 391 soli
745 362 834 389 esse
874 362 999 402 quam
1039 347 1156 388 caeli.
1216 347 1314 401 quid
1344 347 1454 401 quod
1485 361 1528 388 se
1559 347 1704 387 eadem
1717 344 1771 385 46

123 420 359 475 geometria
388 418 502 460 tollit
533 418 583 459 ad
614 416 824 458 rationem
854 429 985 469 usque
1006 414 1183 455 mundi?
1212 415 1254 455 in
1279 429 1373 469 qua,
1408 429 1501 455 cum
1522 414 1705 455 siderum

126 489 261 529 certos
294 486 627 539 constitutosque
661 498 804 525 cursus
834 476 1021 524 numeris
1054 481 1197 535 docet,
1239 482 1436 522 discimus
1475 481 1583 522 nihil
1615 496 1704 523 esse

124 555 414 596 inordinatum
435 555 560 607 atque
581 552 824 593 fortuitum:
856 550 965 604 quod
994 550 1132 603 ipsum
1153 563 1471 603 nonnumquam
1492 549 1705 603 pertinere

126 623 179 663 ad
209 624 417 663 oratorem
449 622 601 675 potest.
655 634 709 660 an
740 632 840 659 uero
872 632 966 658 cum
988 616 1172 657 Pericles
1195 616 1472 656 Atheniensis
1505 617 1603 657 solis
1634 617 1703 657 ob·
1719 615 1770 656 47

126 691 366 731 scuratione
404 689 572 729 territos
611 686 785 728 redditis
823 686 911 726 eius
949 684 1009 725 rei
1048 684 1184 724 causis
1223 685 1338 723 metu
1374 683 1594 737 liberauit,
1635 686 1708 725 aut

128 771 221 798 cum
244 756 453 810 Sulpicius
475 756 546 796 ille
569 754 716 796 Gallus
737 754 783 794 in
805 752 992 794 exercitu
1012 752 1059 792 L.
1083 751 1203 792 Pauli
1236 751 1285 791 de
1316 750 1441 791 lunae
1472 751 1707 792 defectione

126 824 337 877 disseruit,
370 837 423 863 ne
453 822 570 863 uelut
599 822 792 876 prodigio
823 819 1027 861 diuinitus
1058 818 1172 859 facto
1203 818 1385 859 militum
1417 819 1547 859 animi
1578 821 1707 859 terre-

127 893 296 944 rentur,
336 904 424 930 non
462 890 629 930 uidetur
659 903 758 930 usus
790 902 879 928 esse
910 887 1089 928 oratoris
1128 886 1300 926 officio?
1357 887 1465 940 quod
1496 886 1531 926 si
1561 886 1707 927 Nicias
1720 886 1774 926 48

124 959 171 999 in
202 957 346 999 Sicilia
378 957 539 1009 scisset,
571 971 658 997 11011
691 956 835 997 60(16111
867 955 1066 996 confusus
1087 955 1203 994 metu
1225 953 1555 1007 pulcherrimum
1577 954 1707 994 Athe—

125 1024 337 1066 niensium
368 1025 599 1065 exercitum
629 1023 900 1078 perdidisset:
932 1022 1042 1063 sicut
1062 1021 1187 1074 Dion,
1221 1036 1313 1062 cum
1336 1021 1387 1061 ad
1409 1022 1707 1062 destruendam

126 1092 304 1146 Dionysi
343 1091 614 1146 tyrannidem
653 1092 793 1145 uenit,
836 1105 923 1132 non
963 1091 1026 1130 est
1064 1088 1141 1129 tali
1183 1103 1281 1129 casu
1320 1088 1559 1130 deterritus.
1622 1089 1708 1129 sint

94 1162 245 1202 nextra
281 1159 382 1200 licet
418 1174 517 1216 usus
556 1159 697 1200 bellici
735 1161 1102 1211 transeamusque,
1145 1156 1255 1210 quod
1287 1155 1562 1197 Archimedes
1600 1171 1707 1197 1111113

126 1227 388 1268 obsidionem
410 1227 713 1281 Syracusarum
745 1227 790 1267 in
821 1225 990 1279 longius
1021 1224 1172 1265 traxit:
1203 1223 1306 1264 illud
1336 1223 1481 1278 utique
1509 1224 1594 1264 iam
1615 1224 1775 1277 pro-45)

126 1295 264 1349 prium
303 1294 354 1335 ad
393 1294 661 1335 efficiendum
700 1294 809 1348 quod
847 1292 1128 1345 intendimus,
1178 1291 1380 1345 plurimas
1426 1292 1706 1345 quaestiones,

126 1363 277 1417 quibus
309 1362 523 1403 difficilior
554 1362 637 1402 alia
667 1362 832 1402 ratione
864 1360 1089 1414 explicatio
1122 1362 1204 1412 est,
1245 1361 1291 1399 ut
1329 1359 1379 1399 de
1409 1359 1574 1399 ratione
1605 1359 1709 1399 diui-

127 1430 269 1483 dendi,
301 1430 351 1470 de
383 1430 568 1471 sectione
598 1430 643 1470 in
665 1429 894 1481 infinitum,
928 1428 978 1472 de
1001 1427 1216 1468 celeritate
1238 1427 1446 1481 augenda,
1479 1427 1708 1468 linearibus

126 1498 209 1539 illis
241 1497 560 1551 probationibus
593 1496 699 1538 solui
730 1496 874 1548 solere,
907 1496 965 1548 ut,
999 1495 1034 1535 si
1066 1496 1129 1535 est
1158 1495 1330 1547 oratori,
1364 1494 1473 1548 quod
1495 1494 1708 1548 proximus

127 1565 439 1606 demonstrabit
468 1565 588 1615 liber,
623 1564 672 1604 de
705 1563 898 1604 omnibus
920 1562 1044 1602 rebus
1067 1562 1304 1615 dicendum,
1337 1562 1454 1602 nullo
1475 1562 1596 1602 modo
1617 1563 1708 1603 sinc

127 1632 360 1688 geometria
391 1646 480 1673 esse
511 1632 643 1686 possit
674 1633 828 1672 orator.

239 1700 311 1742 XI.
369 1699 568 1740 Dandum
607 1699 763 1753 aliquid
804 1698 1001 1739 comoedo
1031 1712 1215 1752 quoque,
1257 1697 1355 1737 dum
1395 1700 1589 1751 eatenus,
1628 1713 1709 1752 qua

127 1767 432 1824 pronuntiandi
464 1767 685 1808 scientiam
716 1767 885 1807 futurus
916 1768 1057 1807 orator
1088 1765 1309 1806 desiderat.
1358 1780 1445 1806 non
1477 1766 1589 1806 enim
1610 1781 1708 1820 puc-

77 1853 109 1876 65
128 1852 235 1891 rum,
269 1851 391 1891 quem
413 1836 459 1876 in
479 1835 560 1876 hoc
580 1835 858 1888 instituimus,
892 1837 964 1875 aut
986 1833 1194 1874 femineae
1216 1833 1331 1873 uocis
1354 1833 1542 1873 exilitate
1564 1833 1705 1888 frangi

129 1905 223 1946 uolo
245 1907 320 1945 aut
340 1904 531 1945 seniliter
551 1905 744 1944 tremere.
786 1917 865 1944 nee
886 1902 992 1943 uitia
1015 1901 1232 1942 ebrietatis
1261 1900 1443 1955 effingat
1463 1915 1541 1942 nec
1564 1901 1705 1942 seruili
1721 1903 1747 1942 2

129 1972 372 2013 uernilitate
393 1971 607 2012 imbuatur
627 1985 706 2012 nec
728 1971 895 2023 amoris,
919 1969 1138 2022 auaritiae,
1162 1970 1299 2009 metus
1321 1968 1456 2008 discat
1474 1968 1706 2010 adfectum:

129 2055 235 2094 quae
265 2054 401 2094 neque
430 2039 584 2080 oratori
605 2040 705 2079 sunt
726 2038 964 2079 necessaria
986 2039 1028 2078 et
1048 2038 1233 2077 mentem
1255 2036 1480 2090 praecipue
1501 2036 1547 2077 in
1569 2028 1733 2077 aetate*

129 2108 267 2162 prima
297 2110 488 2148 teneram
520 2106 656 2147 adhuc
688 2108 729 2147 et
759 2106 905 2146 rudem
935 2105 1153 2146 inficiunt:
1185 2119 1285 2145 nam
1305 2103 1504 2158 frequens
1526 2104 1708 2144 imitatio

78 2192 92 2215 3
129 2176 286 2217 transit
314 2176 360 2216 in
391 2189 540 2216 mores.
593 2189 646 2214 ne
677 2176 821 2229 gestus
852 2173 1020 2227 quidem
1051 2172 1186 2213 omnis
1218 2187 1267 2212 ac
1297 2174 1433 2212 motus
1456 2186 1479 2211 a
1502 2172 1708 2212 comoedis
1723 2173 1748 2213 3

130 2243 336 2298 petendus
377 2246 452 2284 est.
512 2256 765 2297 quamquam
805 2243 919 2282 enim
957 2243 1178 2294 utrumque
1225 2254 1367 2280 eorum
1407 2239 1458 2279 ad
1499 2239 1709 2294 quendam

130 2312 298 2352 modum
328 2312 544 2364 praestare
576 2310 699 2350 debet
730 2311 888 2362 orator,
927 2308 1154 2362 plurimum
1192 2309 1335 2348 tamen
1376 2307 1511 2347 aberit
1542 2321 1565 2346 a
1596 2321 1708 2347 36116Δ

223 2439 239 2468 1
266 2437 399 2468 maiore
427 2434 495 2475 (413
518 2438 535 2466 1
553 2437 608 2474 m.)
637 2436 805 2467 cirefiitu·
819 2433 895 2476 (-tfi
911 2437 928 2466 1
946 2432 1003 2476 m.)
1028 2435 1134 2465 minor
1151 2435 1217 2465 Ioci
1234 2432 1432 2475 amplitudo
1450 2433 1478 2464 A
1570 2434 1589 2463 2
1609 2431 1708 2464 clauo

131 2481 237 2513 datur
259 2481 335 2513 AM
438 2480 458 2511 3
483 2484 584 2522 patet
606 2481 635 2511 A
737 2482 758 2512 4
784 2491 878 2522 qua*
902 2481 929 2510 A
1047 2481 1064 2510 7
1091 2478 1325 2511 athenienses
1349 2479 1429 2517 Ας,
1456 2478 1517 2509 sed
1540 2479 1573 2508 in
1597 2478 1625 2508 A
1650 2488 1709 2509 3115·

131 2533 236 2559 trema
262 2538 280 2558 e
306 2531 339 2558 in
362 2537 432 2558 ras.
541 2528 560 2557 9
588 2526 766 2556 exercitui
791 2525 819 2556 A
935 2526 973 2556 11
1001 2524 1145 2555 uidetur
1169 2534 1255 2555 usus
1281 2534 1361 2555 csse
1388 2523 1483 2563 (6336
1510 2533 1596 2553 113113
1620 2522 1707 2562 ΒΜ)

130 2571 260 2603 ABM:
287 2572 453 2603 uidentur
478 2570 541 2610 (sic
566 2572 586 2601 b
612 2571 757 2612 quoque)
784 2580 863 2601 csse
888 2570 944 2602 1131
969 2570 1121 2610 (essensi
1139 2568 1172 2609 S)
1192 2571 1239 2603 ὃς
1334 2570 1372 2599 13
1400 2567 1618 2608 perdidisset
1635 2565 1707 2600 AB.

131 2622 165 2648 nt
189 2619 275 2650 coni.
300 2618 441 2658 Regius:
472 2615 694 2657 prodidisset
719 2617 772 2646 Sb
890 2617 929 2646 14
954 2614 1096 2653 dyonisi
1122 2614 1150 2643 A
1265 2613 1331 2643 tali
1364 2623 1476 2643 causa
1499 2613 1528 2642 A
1643 2613 1709 2643 sint

132 2665 236 2693 extra
260 2662 289 2692 A
383 2663 422 2693 17
450 2661 622 2702 plurimos
647 2661 684 2699 B,
710 2661 772 2692 secl
795 2671 884 2691 corr.
910 2662 943 2691 in
960 2658 1013 2698 Bg
1106 2660 1145 2689 18
1173 2668 1320 2699 quarum
1345 2658 1468 2698 Hessius·
1560 2657 1709 2688 uidendi

131 2706 248 2746 BMS,
276 2707 425 2738 uiuendi
450 2707 489 2746 A,
515 2717 576 2739 em.
603 2706 725 2746 Regius
819 2707 858 2737 19
885 2707 920 2735 in
946 2716 1006 2737 om.
1033 2704 1147 2734 ABM
1173 2703 1285 2743 (leahcl
1302 2700 1334 2743 S)
1430 2701 1598 2744 augenda
1622 2703 1706 2732 BM:

133 2752 290 2793 augendi
314 2752 408 2782 ASb
501 2750 695 2782 liniaribus
718 2751 755 2789 B,
782 2749 954 2781 lineareis
971 2750 1005 2779 Μ
1098 2750 1137 2779 21
1165 2748 1427 2779 demonstrauit
1443 2747 1471 2778 A
1564 2749 1605 2778 22).
1625 2757 1707 2788 geo*

133 2797 287 2828 metria*
312 2798 341 2828 A
471 2794 606 2836 orator]
632 2797 782 2836 sequitur
806 2796 838 2826 in
864 2795 931 2825 AB
956 2794 1149 2833 i›1.s·(·7·z‘l)li0:
1175 2793 1229 2823 De
1256 2793 1372 2833 prima
1399 2792 1707 2833 pronuntiationis

134 2845 170 2872 ot
195 2846 319 2883 gestus
344 2842 575 2872 institutione
692 2841 732 2870 223
759 2839 894 2880 aliquid
920 2841 948 2869 A
973 2849 1062 2870 01:17¹.
1089 2849 1134 2868 em
1161 2837 1259 2868 aliud
1375 2838 1531 2868 concedo
1556 2837 1607 2873 Μ,
1632 2839 1707 2868 ilem

132 2886 157 2917 B
183 2889 292 2927 prima
314 2898 410 2919 manu
502 2888 545 2918 25
571 2886 746 2916 femineae
765 2885 793 2915 A
878 2886 919 2916 2ss
948 2894 1062 2924 neque
1090 2882 1215 2914 seruili
1240 2883 1259 2913 b
1353 2884 1394 2914 27
1420 2883 1601 2913 uernitate
1619 2881 1661 2913 A¹

133 2933 174 2962 32
202 2932 246 2962 ab
272 2933 300 2962 A
