1939 3180
165 88 246 130 140
687 91 982 132 QUINTILIANI
1016 91 1135 122 msr.
1169 90 1243 121 on.

162 204 205 244 et
236 201 403 242 animus
436 195 736 252 intellegitur?
767 195 867 250 quid
899 194 1078 235 dicendo
1101 193 1282 251 denique
1313 192 1573 248 proficimus,
1606 190 1689 232 nisi
1720 191 1769 231 ut

162 270 305 325 palam
345 268 401 309 sit
439 267 581 307 facere
613 279 691 306 nos
703 298 713 319 ,
758 264 869 319 qnod
899 263 981 318 ipsi
1013 262 1196 303 sciamus
1235 276 1323 303 non
1362 275 1452 302 esse
1490 258 1768 302 faciendum?

155 337 280 393 'atqui
310 335 539 392 praecipue
561 333 714 388 prima,
749 332 901 387 quibus
923 332 1170 387 praecipere
1202 340 1443 384 coeperam,
1474 331 1667 384 tempora
1689 327 1769 369 hoc

163 406 269 448 uitio
299 404 564 446 laborarunt.
608 401 811 443 dicebant
832 394 945 442 enim
976 400 1161 454 libent-er
1182 397 1638 451 talessscontrouersias,
1662 411 1769 452 quae

94 475 146 518 78
163 472 431 516 difficultatis
479 471 620 527 gratia
671 470 864 525 placent,
919 483 1014 510 cum
1064 468 1157 509 sint
1200 466 1335 508 multo
1378 465 1607 507 faciliores.
1669 479 1769 506 nam
1790 479 1800 485 -

163 544 328 584 rectum
359 555 496 597 genus
529 538 757 595 adprobari
788 537 872 579 nisi
907 537 1104 578 maximis
1143 535 1426 577 uiribusnon
1462 535 1625 589 potest:
1664 533 1770 574 haec

164 610 427 662 deuerticula
459 611 502 651 et
533 608 753 650 anfractus
784 606 973 661 suffugia
1000 607 1102 647 sunt
1131 604 1420 657 infirmitatis,
1465 605 1512 644 ut
1543 602 1614 658 qui
1647 616 1771 643 cursu

163 694 314 736 parum
354 679 521 732 ualent,
560 677 672 718 flexu
713 676 912 729 eludunt,
957 689 1052 716 cum
1090 673 1195 714 liaec
1233 687 1341 728 quae
1380 672 1621 713 adfectatur
1661 671 1771 711 ratio

165 748 477 790 sententiarum
511 760 597 787 non
634 745 781 801 procul
814 759 838 784 a
877 742 1044 784 ratione
1082 741 1252 803 iocanxdi
1291 741 1533 782 abhorreat.
1597 739 1772 780 adiuuat

166 818 308 871 etiam,
343 816 454 871 quod
486 814 653 856 auditor
692 813 852 870 gaudet
891 811 1141 866 intellegere
1173 812 1215 852 et
1251 809 1371 851 fauet
1407 809 1584 865 ingenio
1623 822 1698 849 suo
1730 809 1772 849 et

99 887 152 929 79
167 886 250 928 alio
282 886 449 927 dicente
482 899 525 925 se
556 883 714 925 laudat.
776 882 919 936 itaque
958 894 1046 921 non
1084 879 1241 933 solum,
1283 879 1319 920 si
1357 892 1539 933 persona
1580 877 1771 918 obstaret

166 956 307 996 rectae
338 953 544 1006 orationi,
589 966 671 1007 quo
702 951 748 992 in
779 964 936 1006 genere
968 949 1137 1003 saepius
1169 947 1293 989 modo
1326 961 1452 1002 quam
1484 946 1634 1002 figuris
1667 960 1771 1000 opus

167 1026 243 1078 est,
276 1022 561 1064 decurrebant
592 1020 644 1062 ad
683 1019 924 1073 schemata,
966 1019 1038 1059 sed
1075 1017 1296 1059 faciebant
1334 1015 1417 1057 illis
1457 1015 1597 1056 locum
1628 1014 1769 1068 etiam,

167 1093 239 1134 ubi
261 1091 437 1134 inutiles
460 1105 509 1132 ac
529 1089 720 1131 nefariae
742 1090 898 1141 essent,
932 1089 980 1128 ut
1011 1087 1044 1128 si
1076 1088 1213 1141 pater,
1247 1085 1319 1140 qui
1342 1084 1548 1126 infamem
1569 1083 1615 1124 in
1636 1085 1772 1124 matre

168 1161 302 1203 filium
333 1162 498 1202 secreto
529 1158 774 1210 occidisset,
822 1172 917 1198 reus
948 1155 1085 1197 malae
1122 1153 1392 1196 tractationis
1429 1152 1688 1194 iacularetur
1728 1152 1772 1192 in
1809 1166 1823 1188 7,

101 1231 155 1273 80
171 1245 345 1272 uxorem
377 1228 560 1284 obliquis
593 1226 834 1268 sententiis.
888 1240 988 1266 nam
1020 1224 1119 1279 quid
1150 1224 1357 1278 impurius
1389 1237 1515 1277 quam
1547 1220 1774 1262 retinuisse

169 1299 332 1341 talem?
364 1297 465 1353 quid
495 1311 622 1352 porro
654 1298 743 1336 tam
778 1293 1062 1347 contrarium,
1104 1307 1230 1347 quam
1270 1307 1383 1346 eum,
1424 1291 1496 1346 qui
1534 1292 1772 1343 accusetur,

170 1369 268 1424 quia
299 1381 512 1409 summum
543 1365 665 1407 nefas
698 1363 937 1418 suspicatus
970 1362 1020 1403 de
1043 1377 1172 1403 uxore
1203 1361 1414 1413 uideatur,
1450 1359 1701 1400 confirmare
1732 1358 1774 1398 id

170 1438 262 1492 ipsa
302 1435 572 1488 defensione,
616 1433 727 1489 quod
765 1432 1013 1473 diluendum
1053 1430 1148 1472 est?
1187 1432 1231 1471 at
1268 1429 1303 1470 si
1341 1428 1528 1470 iudicum
1560 1428 1777 1468 sumerent

171 1505 375 1560 animum,
414 1505 594 1558 scirent,
628 1517 755 1557 quani
794 1500 1000 1542 eiusmodi
1040 1499 1252 1541 actionem
1291 1497 1420 1538 laturi
1458 1511 1544 1538 non
1576 1496 1774 1549 fuissent,
1796 1512 1810 1534 ι)

171 1575 389 1629 multoque
428 1573 558 1614 etiam
596 1572 760 1625 minus,
809 1585 904 1612 cum
943 1569 988 1610 in
1027 1569 1228 1624 parentes
1269 1564 1557 1608 abominanda
1597 1564 1776 1606 crimina

172 1645 446 1699 spargentur.

106 1715 157 1756 81
286 1712 346 1753 Et
376 1713 587 1767 quatenus
618 1709 700 1750 huc
732 1708 974 1761 incidimus,
1009 1706 1134 1762 paulo
1166 1705 1260 1760 plus
1288 1704 1443 1746 scholis
1476 1703 1643 1744 demus:
1677 1716 1774 1743 nan]

175 1783 218 1823 et
248 1781 290 1822 111
325 1780 390 1821 his
423 1780 629 1821 educatur
661 1779 819 1831 orator,
854 1779 896 1817 et
928 1776 972 1816 in
1004 1790 1065 1828 eo,
1099 1789 1180 1829 (1110
1211 1774 1335 1815 inodo
1364 1773 1635 1825 (leclametur,
1668 1770 1777 1825 posi-

174 1852 266 1892 tum
298 1851 362 1891 est
394 1850 537 1902 etiam,
571 1862 653 1902 quo
685 1846 808 1886 modo
840 1846 1008 1900 agatur.
1052 1842 1279 1885 dicendum
1310 1855 1411 1896 ergo
1443 1840 1493 1881 de
1524 1840 1576 1881 iis
1599 1854 1777 1894 quoque,
1797 1856 1821 1878 z,

174 1919 219 1960 in
251 1918 404 1973 quibus
435 1932 523 1958 non
555 1930 727 1970 asperas
758 1915 934 1969 figuras,
968 1912 1041 1954 sed
1072 1912 1215 1967 palam
1239 1909 1476 1952 contrarias
1510 1923 1660 1950 causae
1692 1908 1778 1961 1110-

176 1988 295 2042 rique
336 1987 554 2027 fecerunt:
597 1982 862 2039 ‘tyrannidis
903 1981 1146 2023 adfectatae
1179 1980 1406 2021 damnatus
1438 1978 1700 2031 torqueatur,
1733 1977 1781 2016 ut

178 2056 371 2097 conscios
420 2053 603 2095 indicet:
673 2053 896 2093 accusator
943 2050 1031 2091 eius
1078 2051 1199 2104 optet
1245 2047 1355 2103 quod
1400 2046 1529 2087 uolet.
1612 2046 1779 2099 patrem

272 2186 286 2214 1
316 2182 399 2225 quid
425 2181 578 2214 dicendo
604 2182 685 2211 Ma:
718 2178 805 2220 quid
836 2178 992 2210 dicimus
1017 2180 1055 2217 b,
1090 2177 1174 2219 quid
1200 2177 1226 2207 B
1257 2175 1372 2214 (lectio
1396 2175 1426 2205 A
1451 2173 1662 2213 iqnoratur),
1698 2171 1783 2213 quid

178 2249 216 2252 —
246 2230 454 2271 proficimus
480 2239 540 2260 om.
568 2228 641 2259 cod.
672 2226 822 2258 Victoris
954 2224 1111 2265 denique
1144 2222 1297 2253 dicendo
1331 2220 1474 2253 Obrecht
1613 2220 1632 2249 2
1666 2228 1731 2249 nos
1756 2218 1782 2248 Β

178 2282 212 2307 ec
243 2276 380 2306 Victor:
406 2286 467 2306 om.
492 2274 593 2304 AMb
711 2271 806 2312 quod
832 2271 884 2310 Bg
909 2281 1002 2303 corr.
1024 2281 1070 2301 ea:
1097 2279 1184 2310 quos
1291 2266 1477 2299 fatendum
1505 2265 1533 2306 (t
1558 2265 1591 2295 z'n
1616 2262 1706 2304 ras.)
1732 2267 1783 2293 al-

180 2322 239 2362 qui
266 2322 294 2351 A
388 2322 407 2352 5
436 2319 620 2361 placerent
645 2318 685 2359 A,
712 2316 835 2359 placet
859 2318 894 2346 M
989 2318 1005 2348 7
1033 2313 1265 2347 deuerticula
1289 2314 1328 2344 b:
1355 2310 1578 2343 diuerticula
1603 2310 1681 2350 BM,
1709 2310 1785 2340 ilem

178 2368 219 2408 A,
245 2368 308 2398 secl
331 2367 383 2398 hic
410 2367 469 2398 iue
495 2367 528 2397 in
554 2375 624 2396 ras.
719 2362 868 2403 suffigia
893 2362 922 2392 A
1014 2360 1237 2392 infirmitatis
1264 2359 1327 2399 (-ti
1353 2357 1460 2397 corr.)
1485 2357 1527 2396 A,
1553 2356 1746 2387 firmitates
1763 2355 1784 2384 b

271 2415 291 2445 8
318 2412 469 2443 eludunt
494 2412 634 2452 Regius:
663 2408 814 2441 eludant
838 2408 917 2444 AB,
950 2409 1013 2439 sed
1037 2407 1066 2437 A
1096 2417 1117 2437 a
1149 2407 1182 2437 in
1207 2415 1277 2436 ras.
1305 2404 1398 2436 flexu
1424 2402 1518 2435 elud.
1546 2413 1608 2433 om..
1636 2402 1671 2431 M

180 2462 199 2491 9
227 2470 247 2490 a
273 2470 335 2490 om.
362 2457 404 2489 A¹
518 2458 557 2488 12
584 2458 684 2487 recte
711 2453 814 2493 A¹Bg
933 2454 972 2484 14
999 2452 1060 2484 ubi
1084 2461 1262 2494 personae
1288 2449 1437 2481 inutiles
1463 2448 1587 2489 Remus
1688 2457 1730 2476 ac.
1756 2446 1785 2475 A

181 2507 212 2536 in
238 2515 307 2536 ras.
335 2505 461 2535 maiore
602 2502 631 2532 si
659 2501 801 2542 Regius:
828 2499 857 2530 is
883 2499 971 2533 libri,
1000 2499 1030 2529 si
1056 2499 1085 2529 is
1115 2498 1298 2529 Ascensius
1415 2497 1531 2526 matre
1557 2494 1594 2532 B,
1622 2497 1656 2523 ut
1682 2492 1786 2523 uoluit

184 2552 321 2591 Zumpt:
350 2553 501 2581 matrem
527 2548 628 2578 AMb
726 2547 765 2577 15
792 2545 885 2576 male
912 2543 1033 2575 A¹BM
1127 2542 1353 2574 iocularetur
1379 2541 1413 2571 M
1520 2540 1560 2570 16
1583 2538 1668 2578 fort.
1695 2536 1785 2567 obli-

183 2606 272 2637 quas
299 2595 502 2627 sententias
614 2594 654 2624 17
681 2591 906 2622 contrarium
933 2600 1104 2630 umquam
1129 2590 1150 2620 b
1269 2597 1375 2628 quam
1403 2595 1482 2617 011111
1509 2584 1571 2624 (1111
1595 2583 1624 2613 A
1649 2593 1688 2612 m.
1706 2583 1725 2612 2
1752 2583 1785 2611 in

182 2652 251 2674 ras.
278 2642 375 2680 lonae
400 2640 538 2672 maioris
562 2640 671 2678 spatii
820 2637 880 2677 qui
906 2646 966 2668 om.
993 2636 1057 2666 Mb
1199 2635 1239 2665 19
1266 2632 1361 2673 quod
1387 2631 1451 2662 AB
1478 2628 1539 2671 (od
1565 2629 1593 2658 A
1618 2629 1651 2659 in
1676 2625 1782 2665 7·ccs.):

184 2698 290 2728 quam
315 2687 379 2717 Mb
495 2684 651 2716 iudicem
678 2685 751 2722 Mb,
778 2681 906 2712 iudicis
931 2681 960 2711 A
1077 2682 1297 2711 summerent
1321 2678 1359 2717 Β,
1387 2685 1566 2707 sumerem
1591 2675 1626 2703 M
1743 2673 1786 2703 ‘20

183 2734 319 2764 scirent
342 2733 389 2762 A:
417 2731 568 2763 scierim
591 2732 624 2770 b,
651 2730 784 2761 scirem
809 2728 848 2766 B,
876 2738 936 2759 om.
963 2728 998 2757 M
1114 2725 1191 2756 latu
1217 2725 1247 2755 si
1273 2725 1294 2754 b
1409 2723 1449 2752 21
1484 2720 1648 2762 parentis
1674 2719 1695 2748 b

184 2781 225 2809 ‘22
254 2780 476 2819 spargentur
501 2777 576 2817 Ab,
609 2781 643 2807 nt
668 2774 810 2807 malebat
836 2772 1023 2814 Spaldingy:
1056 2772 1317 2813 spargerentur
1340 2768 1438 2800 ΒΜς
1577 2765 1621 2795 24
1647 2774 1689 2795 eo
1715 2773 1785 2804 quo

184 2825 302 2854 AMb:
330 2834 423 2864 equo
448 2823 474 2854 B
603 2822 832 2853 declametur
856 2819 960 2849 ABM
986 2817 1064 2858 (sed
1086 2816 1236 2848 secunda
1263 2825 1280 2845 0
1306 2813 1335 2843 A
1360 2814 1391 2843 in
1417 2810 1523 2852 7·as.).·
1556 2809 1788 2841 declamatur

184 2870 270 2899 FTb
365 2870 407 2900 25
433 2868 489 2899 his
514 2868 543 2897 A
637 2876 780 2908 (1110(1110
798 2881 841 2885 -
860 2863 981 2906 palam
1007 2864 1036 2893 A
1061 2865 1134 2894 2712.
1160 2863 1193 2892 in
1217 2871 1287 2891 ras.
1384 2858 1425 2888 2ss
1451 2856 1649 2901 nonvaab:
1678 2865 1743 2885 nos
1761 2855 1786 2885 B

277 2924 405 2954 speras
431 2914 494 2943 Mb
611 2914 652 2944 ‘27
680 2915 719 2943 ut
746 2911 914 2943 conscios
941 2909 1079 2940 indicet
1104 2909 1148 2938 B:
1180 2917 1241 2939 om.
1268 2906 1350 2944 AM,
1379 2905 1484 2944 pater
1511 2902 1544 2932 01
1570 2899 1648 2942 (sic)
1674 2901 1695 2931 b

187 2960 229 2991 28
256 2964 350 3000 optet
377 2960 444 2998 (tet
469 2959 501 2989 in
527 2969 597 2989 ras.
625 2955 765 2998 νηπίων)
792 2957 832 2995 A,
860 2957 1004 2996 oportet
1029 2955 1049 2984 b
1144 2955 1286 2994 patrem
1310 2950 1339 2980 A
1364 2950 1397 2980 in
1422 2958 1492 2981 ras,
1517 2949 1621 2989 pater
1645 2948 1666 2978 b
