1939 3180
112 127 196 183 ‘328
638 141 933 184 QUINTILIANI
965 139 1085 171 le'r.
1120 139 1196 169 on.

116 255 197 296 erit
228 267 294 293 res
326 249 517 306 publica:
560 248 595 289 si
628 247 774 288 diuina
805 244 964 286 nostris
1005 242 1159 284 animis
1190 242 1311 297 origo
1321 274 1332 295 ,
1371 240 1635 283 tendendum
1668 240 1721 281 ad

114 315 320 365 uirtutem
351 333 432 360 nec
462 315 755 371 uoluptatibus
785 312 947 355 terreni
980 302 1484 365 corporisseruiendum.
1538 324 1592 350 an
1615 308 1719 350 haec

115 406 203 433 11011
241 388 491 443 frequenter
528 384 736 426 tractabit
774 380 949 424 orator?
1018 380 1105 421 iam
1144 379 1194 420 de
1233 378 1447 433 auguriis,
1489 376 1718 431 responsiS,

116 458 326 514 religione
358 455 541 510 denique
573 452 702 507 omni,
734 452 784 492 de
815 448 968 506 quibus
990 449 1189 507 maxima⁴
1208 461 1334 502 saepe
1365 446 1410 487 in
1443 446 1595 487 senatu
1627 458 1723 486 0011-

119 527 216 570 silia
246 526 418 567 uersata
450 523 563 576 sunt,
596 536 682 562 non
715 519 797 561 erit
827 519 864 560 ei
896 517 1203 570 disserendum,
1237 515 1272 556 si
1303 514 1488 569 quidem,
1522 514 1570 554 ut
1600 511 1723 553 nobis
1742 520 1758 545 5

120 597 277 652 placet,
310 594 481 634 futurus
515 593 579 632 est
609 590 676 631 uir
709 587 847 630 ciuilis
878 585 1022 628 idem?
1072 598 1179 640 quae
1211 583 1394 638 denique
1426 581 1622 636 intellegi
1645 580 1725 621 sal-

52 666 106 707 22
121 668 209 707 tem
240 664 383 719 potest
415 659 659 715 eloquentia
690 655 886 698 hominis
898 654 1062 709 optima
1082 651 1347 694 nescientis?
1378 651 1484 692 haec
1505 649 1539 691 si
1562 648 1727 690 ratione

122 732 355 775 manifesta
386 744 474 772 non
507 729 664 782 essent,
699 724 905 779 exemplis
935 727 1096 764 tamen'
1116 721 1395 765 crederemus.
1447 717 1656 773 siquidem
1687 718 1731 757 et

122 801 334 855 Periclen,
369 798 487 840 cuius
520 794 804 850 eloquentiae,
839 791 1008 833 etiamsi
1039 789 1158 831 nulla
1189 789 1240 830 ad
1261 803 1339 829 nos
1360 788 1640 829 monumenta
1661 799 1730 826 uc-

123 872 303 923 nerunt,
351 867 438 909 uim
483 868 629 906 tamen
677 861 893 918 quandam
940 858 1235 901 incredibilem
1276 871 1370 898 cum
1407 854 1601 896 historici
1639 856 1731 895 tum
1754 863 1783 888 κ)

125 939 256 981 etiam
286 935 552 978 liberrimum
582 932 803 974 hominum
834 943 984 985 genus,
1020 926 1171 969 comici
1193 927 1360 967 ueteres
1390 924 1583 977 tradunt,
1618 923 1733 963 Ana-

126 1021 312 1063 xagorae
343 1004 511 1060 physici
544 1002 714 1044 constat
746 998 985 1040 auditorem
1005 996 1151 1049 fuisse,
1187 996 1229 1036 et
1252 992 1585 1046 Demosthenen,
1618 991 1733 1046 prin-

55 1078 110 1134 23
126 1077 263 1132 cipem
295 1073 485 1116 omnium
509 1070 714 1113 Graeciae
746 1069 976 1120 oratorum,
1011 1064 1176 1106 dedisse
1199 1077 1372 1118 operam
1394 1053 1580 1102 Platoni.
1634 1073 1735 1100 nam

125 1145 184 1187 M.
225 1143 392 1186 Tullius
439 1155 527 1182 11011
565 1140 738 1180 tantum
777 1151 821 1178 se
862 1135 1015 1177 debere
1062 1131 1217 1174 scholis
1264 1130 1482 1172 rhetorum
1530 1129 1737 1184 quantum

127 1211 388 1255 Academiae
420 1208 586 1264 spatiis,
618 1207 869 1262 frequenter
899 1204 991 1258 ipse
1022 1203 1206 1243 testatus
1238 1201 1322 1251 est:
1370 1212 1507 1252 neque
1539 1211 1582 1238 se
1613 1198 1737 1237 tanta
1760 1206 1789 1233 15

128 1294 330 1336 umquam
360 1279 406 1320 in
438 1292 486 1319 eo
516 1276 699 1318 fudisset
720 1274 907 1327 ubertas,
941 1272 974 1313 si
997 1269 1222 1326 ingenium
1245 1282 1367 1310 suum
1390 1266 1621 1320 consaepto
1645 1264 1759 1318 fori„

130 1365 218 1392 non
249 1348 383 1404 ipsius
414 1361 556 1388 rerum
588 1346 770 1386 naturae
802 1341 960 1383 finibus
991 1339 1281 1381 terminasset.

246 1417 407 1459 Verum
439 1430 489 1457 ex
520 1414 600 1455 1100
633 1412 718 1454 alia
748 1410 854 1452 mihi
885 1408 1078 1464 quaestio
1110 1406 1311 1460 exoritur,
1354 1419 1461 1460 quae
1493 1404 1610 1445 secta
1643 1416 1740 1443 con-

130 1488 243 1529 ferre
265 1485 496 1542 plurimum
519 1481 788 1537 eloquentiae
810 1478 957 1534 possit,
990 1490 1247 1532 quamquam
1271 1489 1320 1515 ea
1341 1488 1429 1515 non
1449 1473 1564 1514 inter
1585 1470 1742 1512 multas

64 1559 119 1600 24
133 1557 275 1611 potest
307 1568 397 1596 esse
431 1551 664 1594 contentio.
733 1563 834 1590 nam
871 1547 918 1588 in
957 1545 1108 1601 primis
1146 1558 1223 1585 nos
1255 1542 1472 1598 Epicurus
1512 1555 1536 1581 a
1577 1554 1620 1581 se
1651 1539 1742 1594 ipse
1761 1551 1794 1576 ‘20

135 1624 330 1678 dimittit,
372 1622 443 1677 qui
474 1621 624 1676 fugere
657 1632 827 1660 omnem
859 1614 1132 1670 disciplinam
1164 1611 1444 1666 nauigatione
1477 1624 1602 1664 quam
1635 1607 1745 1649 uelo-

137 1693 307 1736 cissima
344 1691 478 1732 iubet.
548 1702 687 1743 neque
726 1699 828 1727 uero
870 1683 1142 1738 Aristippus,
1191 1694 1401 1722 summum
1439 1678 1485 1719 in
1524 1677 1745 1732 uoluptate

138 1761 326 1817 corporis
361 1761 519 1801 bonum
550 1770 730 1812 ponens,
765 1754 817 1795 ad
848 1753 965 1794 hunc
996 1765 1075 1793 nos
1106 1750 1297 1791 laborem
1329 1747 1591 1789 adhortetur.
1643 1745 1746 1800 Pyr-

137 1846 217 1872 ron
248 1829 419 1885 quidem
451 1841 556 1882 quas
587 1826 632 1867 in
664 1824 745 1865 hoc
777 1836 903 1878 opere
936 1820 1093 1861 habere
1124 1818 1260 1874 partis
1291 1816 1465 1871 potest?
1498 1814 1563 1856 cui
1586 1813 1746 1855 iudices

139 1913 252 1953 esse,
293 1898 405 1952 apud
437 1910 540 1951 quos
580 1894 712 1936 uerba
750 1892 906 1945 faciat,
947 1892 989 1930 et
1027 1902 1167 1941 reum,
1206 1900 1282 1941 pro
1322 1900 1403 1940 quo
1444 1884 1663 1939 loquatur,
1705 1883 1748 1922 et
1766 1895 1799 1920 25

71 1971 126 2013 25
141 1969 352 2020 senatum,
384 1966 431 2006 in
462 1978 544 2019 quo
576 1963 633 2004 sit
664 1961 845 2003 dicenda
866 1957 1096 2011 sententia,
1130 1970 1217 1997 11011
1238 1954 1430 2009 liquebit.
1472 1950 1749 1993 Academiam

142 2036 314 2091 quidam
346 2033 618 2075 utilissimam
650 2030 843 2083 credunt,
878 2026 988 2082 quod
1017 2040 1107 2066 mos
1139 2024 1185 2065 in
1216 2025 1440 2077 utramque
1472 2022 1639 2075 partem
1668 2018 1750 2059 dis-

143 2103 313 2146 serendi
346 2103 398 2144 ad
430 2099 779 2143 exercitationem
810 2095 1046 2138 forensium
1080 2106 1306 2134 causarum
1335 2090 1527 2146 proxime
1559 2087 1749 2129 accedat.

144 2173 337 2215 adiciunt
366 2171 460 2212 1000
491 2168 771 2224 probationis,
804 2165 912 2221 quod
946 2178 994 2205 ea
1025 2159 1419 2217 praestantissimos
1441 2158 1487 2199 in
1509 2155 1753 2212 eloquentia

144 2242 258 2283 uiros
297 2239 491 2281 ediderit.
561 2234 840 2292 Peripatetici
879 2231 1019 2274 studio
1060 2244 1225 2285 quoque
1263 2243 1307 2269 se
1346 2227 1529 2282 quodam
1567 2223 1752 2266 oratorio
1772 2239 1805 2263 30

145 2311 334 2351 iactant:
374 2323 477 2349 nam
515 2305 649 2348 thesis
691 2305 831 2346 dicere
863 2298 1183 2343 exercitationis
1222 2297 1365 2352 gratia
1402 2295 1491 2337 fere
1523 2295 1587 2335 est
1619 2292 1671 2334 ab
1702 2292 1753 2332 iis

242 2438 294 2469 14.
324 2436 428 2471 Orat.
455 2438 487 2477 3,
516 2437 570 2467 12.

244 2553 259 2583 1
288 2550 485 2583 tenendum
510 2551 531 2581 b
649 2551 668 2580 3
695 2545 875 2579 tractauit
899 2545 920 2575 b
1039 2544 1162 2574 orator
1187 2541 1261 2572 iam
1287 2539 1330 2570 B:
1359 2537 1524 2569 oratoria
1549 2537 1582 2576 b,
1610 2534 1757 2567 orator?

153 2610 199 2630 an
225 2598 278 2630 ed.
308 2597 421 2639 Camp.
449 2600 481 2628 et
507 2604 528 2630 ς
624 2593 774 2635 auguris
799 2593 820 2622 b
930 2591 949 2621 6
978 2589 1099 2620 futuro
1126 2586 1189 2619 sed
1215 2586 1273 2617 uir
1296 2585 1318 2615 b
1436 2584 1454 2615 7
1481 2580 1615 2613 rationi
1640 2581 1666 2611 B

151 2646 171 2676 8
198 2648 321 2676 tamen
346 2643 391 2674 B:
419 2641 552 2674 saltem
576 2642 597 2672 b
691 2642 711 2671 9
739 2637 874 2681 pericle
891 2636 916 2667 B
943 2636 1005 2667 lzoe
1029 2636 1101 2666 loeo
1199 2633 1239 2663 10
1265 2629 1419 2672 quadam
1445 2630 1465 2660 b
1544 2626 1757 2658 historicum

155 2690 266 2722 etiam
293 2689 517 2720 uberrimum
543 2688 563 2718 b
691 2687 729 2716 11
759 2692 971 2724 anxagorae
998 2680 1037 2720 Β,
1063 2679 1125 2711 secl
1149 2688 1240 2710 corr.
1267 2678 1299 2707 in
1325 2676 1345 2706 b
1465 2676 1504 2705 13
1530 2675 1711 2704 oratorem
1738 2671 1759 2700 b

248 2736 288 2766 14
314 2735 499 2766 rhetorum
526 2731 769 2764 achademiae
796 2728 964 2771 spetiisb
1060 2726 1100 2757 15
1126 2725 1285 2756 testatus
1312 2723 1368 2753 est
1385 2721 1429 2751 B:
1456 2721 1617 2751 testatus
1642 2717 1676 2756 b,
1703 2719 1758 2746 te-

158 2784 277 2813 statur
302 2782 355 2812 ed.
384 2780 498 2821 Camp.
526 2784 558 2810 et
583 2786 604 2812 ς
698 2777 801 2807 tanta
823 2776 844 2806 b
941 2773 980 2804 1ss
1000 2772 1044 2808 *in
1071 2781 1113 2802 eo
1139 2778 1309 2810 umquam
1337 2776 1358 2802 ς
1429 2764 1587 2796 fudisset
1607 2762 1758 2793 Badius.-

158 2828 293 2858 fuisset
317 2827 417 2859 codd.
513 2824 543 2855 si
569 2833 699 2865 genum
718 2823 771 2862 Bg
797 2823 870 2853 Im.
944 2819 1146 2858 consaepto
1164 2815 1229 2846 Bn:
1258 2814 1433 2852 consepto
1451 2811 1535 2849 ng
1629 2809 1669 2838 21
1699 2818 1759 2837 ne-

158 2872 340 2904 10οἰεείωο
367 2871 457 2910 libri,
484 2881 543 2901 em.
575 2869 705 2901 Badius
798 2867 840 2898 22
867 2875 945 2897 sum
972 2864 1008 2894 iu
1032 2864 1053 2894 b
1154 2862 1198 2892 23
1226 2858 1440 2890 adhortetur
1464 2855 1507 2885 B:
1534 2854 1703 2884 hortatus
1728 2853 1760 2888 b,

157 2918 326 2949 hortatur
352 2918 406 2950 ed.
434 2917 547 2956 Camp.
646 2913 811 2955 Pyrrhon
838 2920 859 2946 ς
952 2910 995 2940 26
1022 2905 1276 2939 achademiam
1304 2901 1451 2945 quidem
1476 2901 1496 2931 b
1614 2900 1656 2930 29
1684 2897 1760 2929 adi-

161 2964 261 2994 ciunt
285 2963 329 2993 B:
358 2962 404 2993 ad
430 2961 607 2992 iudicium
631 2961 651 2990 b
762 2955 1084 3000 praestantissimo
1110 2953 1130 2983 b
1248 2950 1288 2981 31
1317 2948 1440 2979 theses
1467 2954 1487 2980 ς
1584 2945 1660 2976 fere
1688 2947 1762 2974 sta-

159 3007 245 3039 bilis
272 3008 303 3039 is
331 3007 538 3039 institutum
565 3005 689 3038 istoici
713 3005 734 3034 b
