<?xml version="1.0" encoding="UTF-8"?>
<!DOCTYPE html PUBLIC "-//W3C//DTD XHTML 1.0 Transitional//EN"
    "http://www.w3.org/TR/xhtml1/DTD/xhtml1-transitional.dtd">
<html xmlns="http://www.w3.org/1999/xhtml" xml:lang="en" lang="en">
 <head>
  <title>
</title>
<meta http-equiv="Content-Type" content="text/html;charset=utf-8" />
  <meta name='ocr-system' content='tesseract 3.04.00' />
  <meta name='ocr-capabilities' content='ocr_page ocr_carea ocr_par ocr_line ocrx_word'/>
</head>
<body>
  <div class='ocr_page' id='page_1' title='image "./institutionisora00quinuoft_0238.png"; bbox 0 0 1939 3180; ppageno 0'>
   <div class='ocr_carea' id='block_1_1' title="bbox 231 96 1299 145">
    <p class='ocr_par' dir='ltr' id='par_1_1' title="bbox 231 96 1299 145">
     <span class='ocr_line' id='line_1_1' title="bbox 231 96 1299 145; baseline 0.002 -9"><span class='ocrx_word' id='word_1_1' title='bbox 231 96 313 136; x_wconf 93' lang='grc'>222</span> <span class='ocrx_word' id='word_1_2' title='bbox 749 107 1041 145; x_wconf 79' lang='lat' dir='ltr'>QUINTILIANI</span> <span class='ocrx_word' id='word_1_3' title='bbox 1072 107 1190 138; x_wconf 84' lang='lat' dir='ltr'>INST.</span> <span class='ocrx_word' id='word_1_4' title='bbox 1225 108 1299 139; x_wconf 74' lang='grc' dir='ltr'>ΟΒ.</span> 
     </span>
    </p>
   </div>
   <div class='ocr_carea' id='block_1_2' title="bbox 158 208 1871 2175">
    <p class='ocr_par' dir='ltr' id='par_1_2' title="bbox 158 208 1871 2175">
     <span class='ocr_line' id='line_1_2' title="bbox 231 208 1824 266; baseline 0.002 -17"><span class='ocrx_word' id='word_1_5' title='bbox 231 223 325 250; x_wconf 90' lang='lat' dir='ltr'>cum</span> <span class='ocrx_word' id='word_1_6' title='bbox 357 209 409 249; x_wconf 89' lang='lat' dir='ltr'>ad</span> <span class='ocrx_word' id='word_1_7' title='bbox 441 208 700 250; x_wconf 85' lang='lat' dir='ltr'>destinatum</span> <span class='ocrx_word' id='word_1_8' title='bbox 730 208 829 250; x_wconf 89' lang='lat' dir='ltr'>huic</span> <span class='ocrx_word' id='word_1_9' title='bbox 859 210 970 264; x_wconf 86' lang='lat' dir='ltr'>parti</span> <span class='ocrx_word' id='word_1_10' title='bbox 1002 209 1140 251; x_wconf 85' lang='lat' dir='ltr'>locum</span> <span class='ocrx_word' id='word_1_11' title='bbox 1170 210 1422 251; x_wconf 84' lang='lat' dir='ltr'>uenerimus.</span> <span class='ocrx_word' id='word_1_12' title='bbox 1465 224 1514 251; x_wconf 88' lang='lat' dir='ltr'>ea</span> <span class='ocrx_word' id='word_1_13' title='bbox 1534 224 1600 251; x_wconf 89' lang='lat' dir='ltr'>res</span> <span class='ocrx_word' id='word_1_14' title='bbox 1621 213 1824 266; x_wconf 72' lang='lat' dir='ltr'>suggeret</span> 
     </span>
     <span class='ocr_line' id='line_1_3' title="bbox 230 277 1821 333; baseline 0.002 -16"><span class='ocrx_word' id='word_1_15' title='bbox 230 277 452 317; x_wconf 72' lang='lat' dir='ltr'>materiam</span> <span class='ocrx_word' id='word_1_16' title='bbox 483 277 811 332; x_wconf 66' lang='lat' dir='ltr'>interrogationi</span> <span class='ocrx_word' id='word_1_17' title='bbox 843 279 884 318; x_wconf 89' lang='lat' dir='ltr'>et</span> <span class='ocrx_word' id='word_1_18' title='bbox 914 277 1030 318; x_wconf 78' lang='lat' dir='ltr'>uelut</span> <span class='ocrx_word' id='word_1_19' title='bbox 1059 278 1144 319; x_wconf 84' lang='lat' dir='ltr'>tela</span> <span class='ocrx_word' id='word_1_20' title='bbox 1174 278 1226 319; x_wconf 84' lang='lat' dir='ltr'>ad</span> <span class='ocrx_word' id='word_1_21' title='bbox 1262 293 1436 319; x_wconf 84' lang='lat' dir='ltr'>manum</span> <span class='ocrx_word' id='word_1_22' title='bbox 1469 278 1821 333; x_wconf 79' lang='lat' dir='ltr'>subministrabit,</span> 
     </span>
     <span class='ocr_line' id='line_1_4' title="bbox 230 341 1821 409; baseline 0.002 -24"><span class='ocrx_word' id='word_1_23' title='bbox 230 345 376 386; x_wconf 87' lang='lat' dir='ltr'>eadem</span> <span class='ocrx_word' id='word_1_24' title='bbox 407 344 587 399; x_wconf 80' lang='lat' dir='ltr'>docebit,</span> <span class='ocrx_word' id='word_1_25' title='bbox 620 345 673 386; x_wconf 89' lang='lat' dir='ltr'>ad</span> <span class='ocrx_word' id='word_1_26' title='bbox 703 359 809 400; x_wconf 83' lang='lat' dir='ltr'>quae</span> <span class='ocrx_word' id='word_1_27' title='bbox 838 345 989 386; x_wconf 88' lang='lat' dir='ltr'>iudicis</span> <span class='ocrx_word' id='word_1_28' title='bbox 1021 341 1187 409; x_wconf 73' lang='lat' dir='ltr'>animus</span> <span class='ocrx_word' id='word_1_29' title='bbox 1219 346 1386 387; x_wconf 83' lang='lat' dir='ltr'>actione</span> <span class='ocrx_word' id='word_1_30' title='bbox 1416 347 1470 387; x_wconf 86' lang='lat' dir='ltr'>sit</span> <span class='ocrx_word' id='word_1_31' title='bbox 1490 347 1821 401; x_wconf 83' lang='lat' dir='ltr'>praeparandus.</span> 
     </span>
     <span class='ocr_line' id='line_1_5' title="bbox 230 412 1820 469; baseline 0.002 -16"><span class='ocrx_word' id='word_1_32' title='bbox 230 413 356 454; x_wconf 88' lang='lat' dir='ltr'>debet</span> <span class='ocrx_word' id='word_1_33' title='bbox 386 413 499 454; x_wconf 85' lang='lat' dir='ltr'>enim</span> <span class='ocrx_word' id='word_1_34' title='bbox 530 413 598 454; x_wconf 90' lang='lat' dir='ltr'>uel</span> <span class='ocrx_word' id='word_1_35' title='bbox 628 413 719 454; x_wconf 88' lang='lat' dir='ltr'>fieri</span> <span class='ocrx_word' id='word_1_36' title='bbox 751 413 819 454; x_wconf 88' lang='lat' dir='ltr'>uel</span> <span class='ocrx_word' id='word_1_37' title='bbox 849 413 1014 454; x_wconf 79' lang='lat' dir='ltr'>detrahi</span> <span class='ocrx_word' id='word_1_38' title='bbox 1045 412 1225 455; x_wconf 81' lang='lat' dir='ltr'>testibus</span> <span class='ocrx_word' id='word_1_39' title='bbox 1256 414 1358 455; x_wconf 88' lang='lat' dir='ltr'>fides</span> <span class='ocrx_word' id='word_1_40' title='bbox 1390 415 1581 456; x_wconf 87' lang='lat' dir='ltr'>oratione</span> <span class='ocrx_word' id='word_1_41' title='bbox 1602 417 1820 469; x_wconf 88' lang='lat' dir='ltr'>perpetua,</span> 
     </span>
     <span class='ocr_line' id='line_1_6' title="bbox 228 481 1855 536; baseline 0.002 -15"><span class='ocrx_word' id='word_1_42' title='bbox 228 482 326 535; x_wconf 87' lang='lat' dir='ltr'>quia</span> <span class='ocrx_word' id='word_1_43' title='bbox 357 481 418 522; x_wconf 88' lang='lat' dir='ltr'>sic</span> <span class='ocrx_word' id='word_1_44' title='bbox 448 481 626 536; x_wconf 85' lang='lat' dir='ltr'>quisque·</span> <span class='ocrx_word' id='word_1_45' title='bbox 653 481 777 522; x_wconf 87' lang='lat' dir='ltr'>dictis</span> <span class='ocrx_word' id='word_1_46' title='bbox 808 483 1021 536; x_wconf 87' lang='lat' dir='ltr'>mouetur,</span> <span class='ocrx_word' id='word_1_47' title='bbox 1061 484 1109 523; x_wconf 90' lang='lat' dir='ltr'>ut</span> <span class='ocrx_word' id='word_1_48' title='bbox 1147 484 1211 524; x_wconf 87' lang='lat' dir='ltr'>est</span> <span class='ocrx_word' id='word_1_49' title='bbox 1249 482 1301 523; x_wconf 87' lang='lat' dir='ltr'>ad</span> <span class='ocrx_word' id='word_1_50' title='bbox 1338 482 1591 523; x_wconf 89' lang='lat' dir='ltr'>credendum</span> <span class='ocrx_word' id='word_1_51' title='bbox 1627 482 1696 524; x_wconf 89' lang='lat' dir='ltr'>uel</span> <span class='ocrx_word' id='word_1_52' title='bbox 1735 491 1855 524; x_wconf 79' lang='lat' dir='ltr'>non-5</span> 
     </span>
     <span class='ocr_line' id='line_1_7' title="bbox 229 549 1153 595; baseline 0.001 -5"><span class='ocrx_word' id='word_1_53' title='bbox 229 549 484 590; x_wconf 85' lang='lat' dir='ltr'>credendum</span> <span class='ocrx_word' id='word_1_54' title='bbox 516 552 616 591; x_wconf 85' lang='lat' dir='ltr'>ante</span> <span class='ocrx_word' id='word_1_55' title='bbox 646 550 866 591; x_wconf 86' lang='lat' dir='ltr'>formatus.</span> <span class='ocrx_word' id='word_1_56' title='bbox 1147 591 1153 595; x_wconf 82' lang='grc'><em>,</em></span> 
     </span>
     <span class='ocr_line' id='line_1_8' title="bbox 188 617 1821 673; baseline 0.002 -16"><span class='ocrx_word' id='word_1_57' title='bbox 188 617 213 658; x_wconf 84' lang='grc'><strong>9</strong></span> <span class='ocrx_word' id='word_1_58' title='bbox 343 617 402 658; x_wconf 77' lang='lat' dir='ltr'>Et</span> <span class='ocrx_word' id='word_1_59' title='bbox 439 617 637 672; x_wconf 88' lang='lat' dir='ltr'>quoniam</span> <span class='ocrx_word' id='word_1_60' title='bbox 676 618 757 659; x_wconf 89' lang='lat' dir='ltr'>duo</span> <span class='ocrx_word' id='word_1_61' title='bbox 794 632 953 673; x_wconf 81' lang='lat' dir='ltr'>genera</span> <span class='ocrx_word' id='word_1_62' title='bbox 990 621 1089 660; x_wconf 88' lang='lat' dir='ltr'>sunt</span> <span class='ocrx_word' id='word_1_63' title='bbox 1125 619 1319 673; x_wconf 87' lang='lat' dir='ltr'>testium,</span> <span class='ocrx_word' id='word_1_64' title='bbox 1369 620 1441 660; x_wconf 84' lang='lat' dir='ltr'>aut</span> <span class='ocrx_word' id='word_1_65' title='bbox 1485 618 1821 660; x_wconf 86' lang='lat' dir='ltr'>uoluntariorum</span> 
     </span>
     <span class='ocr_line' id='line_1_9' title="bbox 227 686 1820 742; baseline 0.001 -16"><span class='ocrx_word' id='word_1_66' title='bbox 227 688 301 727; x_wconf 87' lang='lat' dir='ltr'>aut</span> <span class='ocrx_word' id='word_1_67' title='bbox 331 700 484 740; x_wconf 82' lang='lat' dir='ltr'>eornm,</span> <span class='ocrx_word' id='word_1_68' title='bbox 516 686 667 740; x_wconf 89' lang='lat' dir='ltr'>quibus</span> <span class='ocrx_word' id='word_1_69' title='bbox 697 686 742 726; x_wconf 89' lang='lat' dir='ltr'>in</span> <span class='ocrx_word' id='word_1_70' title='bbox 773 686 938 727; x_wconf 86' lang='lat' dir='ltr'>iudiciis</span> <span class='ocrx_word' id='word_1_71' title='bbox 970 687 1150 741; x_wconf 82' lang='lat' dir='ltr'>publicis</span> <span class='ocrx_word' id='word_1_72' title='bbox 1181 687 1274 742; x_wconf 77' lang='lat' dir='ltr'>lege</span> <span class='ocrx_word' id='word_1_73' title='bbox 1304 687 1548 728; x_wconf 87' lang='lat' dir='ltr'>denuntiari</span> <span class='ocrx_word' id='word_1_74' title='bbox 1569 687 1689 741; x_wconf 84' lang='lat' dir='ltr'>solet,</span> <span class='ocrx_word' id='word_1_75' title='bbox 1722 702 1820 742; x_wconf 85' lang='lat' dir='ltr'>quo-</span> 
     </span>
     <span class='ocr_line' id='line_1_10' title="bbox 226 754 1820 809; baseline 0.001 -15"><span class='ocrx_word' id='word_1_76' title='bbox 226 769 318 794; x_wconf 88' lang='lat' dir='ltr'>rum</span> <span class='ocrx_word' id='word_1_77' title='bbox 358 754 490 795; x_wconf 86' lang='lat' dir='ltr'>altero</span> <span class='ocrx_word' id='word_1_78' title='bbox 531 769 629 809; x_wconf 84' lang='lat' dir='ltr'>pars</span> <span class='ocrx_word' id='word_1_79' title='bbox 669 756 846 808; x_wconf 83' lang='lat' dir='ltr'>utraque</span> <span class='ocrx_word' id='word_1_80' title='bbox 886 755 1039 809; x_wconf 86' lang='lat' dir='ltr'>utitur,</span> <span class='ocrx_word' id='word_1_81' title='bbox 1079 755 1260 796; x_wconf 85' lang='lat' dir='ltr'>alterum</span> <span class='ocrx_word' id='word_1_82' title='bbox 1297 755 1614 796; x_wconf 83' lang='lat' dir='ltr'>accusatoribus</span> <span class='ocrx_word' id='word_1_83' title='bbox 1650 757 1820 797; x_wconf 87' lang='lat' dir='ltr'>tantum</span> 
     </span>
     <span class='ocr_line' id='line_1_11' title="bbox 227 823 1871 877; baseline 0.001 -14"><span class='ocrx_word' id='word_1_84' title='bbox 227 837 473 864; x_wconf 86' lang='lat' dir='ltr'>concessum</span> <span class='ocrx_word' id='word_1_85' title='bbox 504 825 588 863; x_wconf 87' lang='lat' dir='ltr'>est:</span> <span class='ocrx_word' id='word_1_86' title='bbox 621 837 862 877; x_wconf 83' lang='lat' dir='ltr'>separemus</span> <span class='ocrx_word' id='word_1_87' title='bbox 894 823 1081 864; x_wconf 86' lang='lat' dir='ltr'>officium</span> <span class='ocrx_word' id='word_1_88' title='bbox 1112 823 1252 864; x_wconf 89' lang='lat' dir='ltr'>dantis</span> <span class='ocrx_word' id='word_1_89' title='bbox 1282 825 1413 864; x_wconf 86' lang='lat' dir='ltr'>testes</span> <span class='ocrx_word' id='word_1_90' title='bbox 1445 825 1486 864; x_wconf 83' lang='lat' dir='ltr'>et</span> <span class='ocrx_word' id='word_1_91' title='bbox 1515 823 1763 865; x_wconf 85' lang='lat' dir='ltr'>refellentis.</span> <span class='ocrx_word' id='word_1_92' title='bbox 1840 833 1871 858; x_wconf 89' lang='lat'>10</span> 
     </span>
     <span class='ocr_line' id='line_1_12' title="bbox 162 889 1818 947; baseline 0.002 -17"><span class='ocrx_word' id='word_1_93' title='bbox 162 891 212 931; x_wconf 87' lang='lat'>10</span> <span class='ocrx_word' id='word_1_94' title='bbox 340 889 419 938; x_wconf 79' lang='lat' dir='ltr'>Qui</span> <span class='ocrx_word' id='word_1_95' title='bbox 450 890 811 932; x_wconf 86' lang='lat' dir='ltr'>uoluntarium</span> <span class='ocrx_word' id='word_1_96' title='bbox 842 891 1049 945; x_wconf 74' lang='lat' dir='ltr'>producit,</span> <span class='ocrx_word' id='word_1_97' title='bbox 1074 891 1180 932; x_wconf 88' lang='lat' dir='ltr'>scire</span> <span class='ocrx_word' id='word_1_98' title='bbox 1202 891 1302 946; x_wconf 87' lang='lat' dir='ltr'>quid</span> <span class='ocrx_word' id='word_1_99' title='bbox 1322 891 1357 932; x_wconf 91' lang='lat' dir='ltr'>is</span> <span class='ocrx_word' id='word_1_100' title='bbox 1380 891 1644 933; x_wconf 73' lang='lat' dir='ltr'>dicturus&#39;sit</span> <span class='ocrx_word' id='word_1_101' title='bbox 1664 894 1818 947; x_wconf 82' lang='lat' dir='ltr'>potest,</span> 
     </span>
     <span class='ocr_line' id='line_1_13' title="bbox 224 958 1820 1016; baseline 0.001 -17"><span class='ocrx_word' id='word_1_102' title='bbox 224 958 400 1012; x_wconf 87' lang='lat' dir='ltr'>ideoque</span> <span class='ocrx_word' id='word_1_103' title='bbox 430 958 666 1000; x_wconf 77' lang='lat' dir='ltr'>faciliorem</span> <span class='ocrx_word' id='word_1_104' title='bbox 697 959 864 1000; x_wconf 88' lang='lat' dir='ltr'>uidetur</span> <span class='ocrx_word' id='word_1_105' title='bbox 894 959 939 1000; x_wconf 89' lang='lat' dir='ltr'>in</span> <span class='ocrx_word' id='word_1_106' title='bbox 959 960 1151 1014; x_wconf 79' lang='lat' dir='ltr'>rogando</span> <span class='ocrx_word' id='word_1_107' title='bbox 1173 959 1329 1001; x_wconf 89' lang='lat' dir='ltr'>habere</span> <span class='ocrx_word' id='word_1_108' title='bbox 1349 959 1572 1016; x_wconf 89' lang='lat' dir='ltr'>rationem.</span> <span class='ocrx_word' id='word_1_109' title='bbox 1622 960 1694 1001; x_wconf 86' lang='lat' dir='ltr'>sed</span> <span class='ocrx_word' id='word_1_110' title='bbox 1715 960 1820 1001; x_wconf 84' lang='lat' dir='ltr'>haec</span> 
     </span>
     <span class='ocr_line' id='line_1_14' title="bbox 225 1027 1819 1083; baseline 0.001 -16"><span class='ocrx_word' id='word_1_111' title='bbox 225 1041 388 1081; x_wconf 87' lang='lat' dir='ltr'>quoque</span> <span class='ocrx_word' id='word_1_112' title='bbox 426 1041 525 1081; x_wconf 87' lang='lat' dir='ltr'>pars</span> <span class='ocrx_word' id='word_1_113' title='bbox 564 1042 741 1068; x_wconf 88' lang='lat' dir='ltr'>acumen</span> <span class='ocrx_word' id='word_1_114' title='bbox 781 1042 828 1068; x_wconf 86' lang='lat' dir='ltr'>ac</span> <span class='ocrx_word' id='word_1_115' title='bbox 867 1027 1139 1082; x_wconf 82' lang='lat' dir='ltr'>uigilantiam</span> <span class='ocrx_word' id='word_1_116' title='bbox 1177 1028 1314 1082; x_wconf 87' lang='lat' dir='ltr'>poscit</span> <span class='ocrx_word' id='word_1_117' title='bbox 1344 1028 1735 1083; x_wconf 88' lang='lat' dir='ltr'>prouidendumque</span> <span class='ocrx_word' id='word_1_118' title='bbox 1765 1043 1819 1070; x_wconf 91' lang='lat' dir='ltr'>ne</span> 
     </span>
     <span class='ocr_line' id='line_1_15' title="bbox 160 1095 1819 1151; baseline 0.001 -16"><span class='ocrx_word' id='word_1_119' title='bbox 160 1095 207 1135; x_wconf 90' lang='grc'>11</span> <span class='ocrx_word' id='word_1_120' title='bbox 225 1095 410 1148; x_wconf 87' lang='lat' dir='ltr'>timidus,</span> <span class='ocrx_word' id='word_1_121' title='bbox 444 1110 498 1136; x_wconf 90' lang='lat' dir='ltr'>ne</span> <span class='ocrx_word' id='word_1_122' title='bbox 528 1096 798 1150; x_wconf 77' lang='lat' dir='ltr'>inconstans,</span> <span class='ocrx_word' id='word_1_123' title='bbox 839 1110 892 1136; x_wconf 88' lang='lat' dir='ltr'>ne</span> <span class='ocrx_word' id='word_1_124' title='bbox 923 1096 1154 1151; x_wconf 86' lang='lat' dir='ltr'>inprudens</span> <span class='ocrx_word' id='word_1_125' title='bbox 1185 1097 1305 1137; x_wconf 78' lang='lat' dir='ltr'>testis</span> <span class='ocrx_word' id='word_1_126' title='bbox 1338 1097 1411 1138; x_wconf 73' lang='lat' dir='ltr'>sitx</span> <span class='ocrx_word' id='word_1_127' title='bbox 1448 1096 1677 1137; x_wconf 85' lang='lat' dir='ltr'>turbantur</span> <span class='ocrx_word' id='word_1_128' title='bbox 1708 1097 1819 1137; x_wconf 88' lang='lat' dir='ltr'>enim</span> 
     </span>
     <span class='ocr_line' id='line_1_16' title="bbox 225 1160 1869 1219; baseline 0.001 -15"><span class='ocrx_word' id='word_1_129' title='bbox 225 1165 267 1204; x_wconf 85' lang='lat' dir='ltr'>et</span> <span class='ocrx_word' id='word_1_130' title='bbox 298 1178 321 1203; x_wconf 87' lang='lat' dir='ltr'>a</span> <span class='ocrx_word' id='word_1_131' title='bbox 351 1164 543 1218; x_wconf 82' lang='lat' dir='ltr'>patronis</span> <span class='ocrx_word' id='word_1_132' title='bbox 575 1164 766 1205; x_wconf 85' lang='lat' dir='ltr'>diuersae</span> <span class='ocrx_word' id='word_1_133' title='bbox 803 1165 938 1219; x_wconf 84' lang='lat' dir='ltr'>partis</span> <span class='ocrx_word' id='word_1_134' title='bbox 970 1164 1231 1206; x_wconf 85' lang='lat' dir='ltr'>inducuntur</span> <span class='ocrx_word' id='word_1_135' title='bbox 1261 1165 1307 1206; x_wconf 89' lang='lat' dir='ltr'>in</span> <span class='ocrx_word' id='word_1_136' title='bbox 1337 1164 1507 1219; x_wconf 84' lang='lat' dir='ltr'>laqueos</span> <span class='ocrx_word' id='word_1_137' title='bbox 1547 1166 1588 1206; x_wconf 89' lang='lat' dir='ltr'>et</span> <span class='ocrx_word' id='word_1_138' title='bbox 1625 1160 1818 1219; x_wconf 67' lang='lat' dir='ltr'>plus&#39;de-</span> <span class='ocrx_word' id='word_1_139' title='bbox 1840 1174 1869 1199; x_wconf 77' lang='lat'>15</span> 
     </span>
     <span class='ocr_line' id='line_1_17' title="bbox 224 1232 1819 1288; baseline 0.001 -16"><span class='ocrx_word' id='word_1_140' title='bbox 224 1232 368 1286; x_wconf 87' lang='lat' dir='ltr'>prensi</span> <span class='ocrx_word' id='word_1_141' title='bbox 400 1234 556 1273; x_wconf 82' lang='lat' dir='ltr'>nocent</span> <span class='ocrx_word' id='word_1_142' title='bbox 587 1247 713 1286; x_wconf 83' lang='lat' dir='ltr'>quam</span> <span class='ocrx_word' id='word_1_143' title='bbox 744 1232 854 1273; x_wconf 89' lang='lat' dir='ltr'>firmi</span> <span class='ocrx_word' id='word_1_144' title='bbox 886 1234 927 1273; x_wconf 86' lang='lat' dir='ltr'>et</span> <span class='ocrx_word' id='word_1_145' title='bbox 957 1232 1145 1274; x_wconf 85' lang='lat' dir='ltr'>interriti</span> <span class='ocrx_word' id='word_1_146' title='bbox 1166 1233 1440 1288; x_wconf 85' lang='lat' dir='ltr'>profuissent.</span> <span class='ocrx_word' id='word_1_147' title='bbox 1487 1232 1665 1273; x_wconf 89' lang='lat' dir='ltr'>multum</span> <span class='ocrx_word' id='word_1_148' title='bbox 1687 1232 1819 1288; x_wconf 86' lang='lat' dir='ltr'>igitur</span> 
     </span>
     <span class='ocr_line' id='line_1_18' title="bbox 224 1300 1819 1355; baseline 0.001 -15"><span class='ocrx_word' id='word_1_149' title='bbox 224 1300 336 1340; x_wconf 87' lang='lat' dir='ltr'>domi</span> <span class='ocrx_word' id='word_1_150' title='bbox 376 1303 475 1341; x_wconf 85' lang='lat' dir='ltr'>ante</span> <span class='ocrx_word' id='word_1_151' title='bbox 515 1301 733 1354; x_wconf 85' lang='lat' dir='ltr'>uersandi,</span> <span class='ocrx_word' id='word_1_152' title='bbox 773 1301 901 1342; x_wconf 86' lang='lat' dir='ltr'>uariis</span> <span class='ocrx_word' id='word_1_153' title='bbox 938 1301 1352 1355; x_wconf 81' lang='lat' dir='ltr'>percontationibus,</span> <span class='ocrx_word' id='word_1_154' title='bbox 1398 1300 1542 1355; x_wconf 87' lang='lat' dir='ltr'>quales</span> <span class='ocrx_word' id='word_1_155' title='bbox 1582 1300 1727 1341; x_wconf 88' lang='lat' dir='ltr'>haberi</span> <span class='ocrx_word' id='word_1_156' title='bbox 1766 1301 1819 1342; x_wconf 88' lang='lat' dir='ltr'>ab</span> 
     </span>
     <span class='ocr_line' id='line_1_19' title="bbox 225 1368 1819 1424; baseline 0.001 -16"><span class='ocrx_word' id='word_1_157' title='bbox 225 1368 466 1409; x_wconf 84' lang='lat' dir='ltr'>aduersario</span> <span class='ocrx_word' id='word_1_158' title='bbox 498 1371 689 1423; x_wconf 76' lang='lat' dir='ltr'>possunt,</span> <span class='ocrx_word' id='word_1_159' title='bbox 724 1368 972 1424; x_wconf 84' lang='lat' dir='ltr'>explorandi</span> <span class='ocrx_word' id='word_1_160' title='bbox 1004 1371 1117 1410; x_wconf 87' lang='lat' dir='ltr'>sunt.</span> <span class='ocrx_word' id='word_1_161' title='bbox 1180 1370 1239 1410; x_wconf 88' lang='lat' dir='ltr'>sic</span> <span class='ocrx_word' id='word_1_162' title='bbox 1270 1369 1319 1410; x_wconf 87' lang='lat' dir='ltr'>fit</span> <span class='ocrx_word' id='word_1_163' title='bbox 1349 1371 1396 1409; x_wconf 88' lang='lat' dir='ltr'>ut</span> <span class='ocrx_word' id='word_1_164' title='bbox 1425 1371 1498 1410; x_wconf 88' lang='lat' dir='ltr'>aut</span> <span class='ocrx_word' id='word_1_165' title='bbox 1519 1370 1717 1410; x_wconf 82' lang='lat' dir='ltr'>constent</span> <span class='ocrx_word' id='word_1_166' title='bbox 1738 1369 1819 1410; x_wconf 89' lang='lat' dir='ltr'>sibi</span> 
     </span>
     <span class='ocr_line' id='line_1_20' title="bbox 224 1436 1818 1491; baseline 0.001 -14"><span class='ocrx_word' id='word_1_167' title='bbox 224 1438 309 1490; x_wconf 84' lang='lat' dir='ltr'>aut,</span> <span class='ocrx_word' id='word_1_168' title='bbox 349 1436 383 1477; x_wconf 85' lang='lat' dir='ltr'>si</span> <span class='ocrx_word' id='word_1_169' title='bbox 415 1437 514 1491; x_wconf 88' lang='lat' dir='ltr'>quid</span> <span class='ocrx_word' id='word_1_170' title='bbox 545 1437 847 1491; x_wconf 85' lang='lat' dir='ltr'>titubauerint,</span> <span class='ocrx_word' id='word_1_171' title='bbox 888 1439 1098 1491; x_wconf 86' lang='lat' dir='ltr'>oportuna</span> <span class='ocrx_word' id='word_1_172' title='bbox 1132 1452 1276 1478; x_wconf 86' lang='lat' dir='ltr'>rursus</span> <span class='ocrx_word' id='word_1_173' title='bbox 1308 1438 1416 1491; x_wconf 77' lang='lat' dir='ltr'>eiuS,</span> <span class='ocrx_word' id='word_1_174' title='bbox 1457 1452 1480 1478; x_wconf 89' lang='lat' dir='ltr'>a</span> <span class='ocrx_word' id='word_1_175' title='bbox 1511 1451 1593 1491; x_wconf 88' lang='lat' dir='ltr'>quo</span> <span class='ocrx_word' id='word_1_176' title='bbox 1624 1437 1818 1491; x_wconf 86' lang='lat' dir='ltr'>producti</span> 
     </span>
     <span class='ocr_line' id='line_1_21' title="bbox 159 1505 1869 1560; baseline 0.001 -15"><span class='ocrx_word' id='word_1_177' title='bbox 159 1505 209 1545; x_wconf 80' lang='lat'>12</span> <span class='ocrx_word' id='word_1_178' title='bbox 223 1507 336 1559; x_wconf 89' lang='lat' dir='ltr'>sunt,</span> <span class='ocrx_word' id='word_1_179' title='bbox 369 1505 705 1560; x_wconf 77' lang='lat' dir='ltr'>interrogatione</span> <span class='ocrx_word' id='word_1_180' title='bbox 737 1505 854 1546; x_wconf 90' lang='lat' dir='ltr'>uelut</span> <span class='ocrx_word' id='word_1_181' title='bbox 883 1505 929 1546; x_wconf 89' lang='lat' dir='ltr'>in</span> <span class='ocrx_word' id='word_1_182' title='bbox 960 1505 1138 1560; x_wconf 80' lang='lat' dir='ltr'>gradum</span> <span class='ocrx_word' id='word_1_183' title='bbox 1170 1508 1444 1559; x_wconf 83' lang='lat' dir='ltr'>reponantur.</span> <span class='ocrx_word' id='word_1_184' title='bbox 1506 1506 1546 1546; x_wconf 89' lang='lat' dir='ltr'>in</span> <span class='ocrx_word' id='word_1_185' title='bbox 1581 1505 1633 1546; x_wconf 86' lang='lat' dir='ltr'>iis</span> <span class='ocrx_word' id='word_1_186' title='bbox 1655 1519 1818 1560; x_wconf 84' lang='lat' dir='ltr'>quoque</span> <span class='ocrx_word' id='word_1_187' title='bbox 1836 1516 1869 1542; x_wconf 67' lang='lat'>20</span> 
     </span>
     <span class='ocr_line' id='line_1_22' title="bbox 224 1572 1818 1628; baseline 0.001 -15"><span class='ocrx_word' id='word_1_188' title='bbox 224 1572 381 1627; x_wconf 87' lang='lat' dir='ltr'>adhuc,</span> <span class='ocrx_word' id='word_1_189' title='bbox 421 1573 492 1628; x_wconf 85' lang='lat' dir='ltr'>qui</span> <span class='ocrx_word' id='word_1_190' title='bbox 526 1574 796 1615; x_wconf 80' lang='lat' dir='ltr'>constiterint</span> <span class='ocrx_word' id='word_1_191' title='bbox 827 1574 929 1628; x_wconf 84' lang='lat' dir='ltr'>sibi,</span> <span class='ocrx_word' id='word_1_192' title='bbox 971 1574 1172 1615; x_wconf 84' lang='lat' dir='ltr'>uitandae</span> <span class='ocrx_word' id='word_1_193' title='bbox 1202 1574 1402 1615; x_wconf 82' lang='lat' dir='ltr'>insidiae:</span> <span class='ocrx_word' id='word_1_194' title='bbox 1442 1588 1541 1614; x_wconf 84' lang='lat' dir='ltr'>nam</span> <span class='ocrx_word' id='word_1_195' title='bbox 1573 1573 1818 1628; x_wconf 86' lang='lat' dir='ltr'>frequenter</span> 
     </span>
     <span class='ocr_line' id='line_1_23' title="bbox 222 1641 1818 1697; baseline 0.001 -15"><span class='ocrx_word' id='word_1_196' title='bbox 222 1642 356 1682; x_wconf 86' lang='lat' dir='ltr'>subici</span> <span class='ocrx_word' id='word_1_197' title='bbox 389 1641 441 1682; x_wconf 83' lang='lat' dir='ltr'>ab</span> <span class='ocrx_word' id='word_1_198' title='bbox 474 1641 715 1684; x_wconf 82' lang='lat' dir='ltr'>aduersario</span> <span class='ocrx_word' id='word_1_199' title='bbox 747 1642 884 1683; x_wconf 86' lang='lat' dir='ltr'>solent</span> <span class='ocrx_word' id='word_1_200' title='bbox 915 1644 956 1683; x_wconf 88' lang='lat' dir='ltr'>et</span> <span class='ocrx_word' id='word_1_201' title='bbox 994 1642 1136 1683; x_wconf 87' lang='lat' dir='ltr'>omnia</span> <span class='ocrx_word' id='word_1_202' title='bbox 1174 1642 1396 1697; x_wconf 84' lang='lat' dir='ltr'>profutura</span> <span class='ocrx_word' id='word_1_203' title='bbox 1434 1641 1614 1696; x_wconf 87' lang='lat' dir='ltr'>polliciti</span> <span class='ocrx_word' id='word_1_204' title='bbox 1653 1642 1818 1683; x_wconf 85' lang='lat' dir='ltr'>diuersa</span> 
     </span>
     <span class='ocr_line' id='line_1_24' title="bbox 223 1710 1818 1765; baseline 0 -14"><span class='ocrx_word' id='word_1_205' title='bbox 223 1710 483 1765; x_wconf 87' lang='lat' dir='ltr'>respondent</span> <span class='ocrx_word' id='word_1_206' title='bbox 514 1712 556 1751; x_wconf 87' lang='lat' dir='ltr'>et</span> <span class='ocrx_word' id='word_1_207' title='bbox 588 1710 885 1752; x_wconf 81' lang='lat' dir='ltr'>auctoritatem</span> <span class='ocrx_word' id='word_1_208' title='bbox 915 1711 1077 1751; x_wconf 86' lang='lat' dir='ltr'>habent</span> <span class='ocrx_word' id='word_1_209' title='bbox 1107 1725 1194 1751; x_wconf 88' lang='lat' dir='ltr'>non</span> <span class='ocrx_word' id='word_1_210' title='bbox 1217 1710 1487 1765; x_wconf 78' lang='lat' dir='ltr'>arguentium</span> <span class='ocrx_word' id='word_1_211' title='bbox 1508 1710 1594 1764; x_wconf 87' lang='lat' dir='ltr'>illa,</span> <span class='ocrx_word' id='word_1_212' title='bbox 1627 1711 1698 1751; x_wconf 90' lang='lat' dir='ltr'>sed</span> <span class='ocrx_word' id='word_1_213' title='bbox 1722 1725 1818 1751; x_wconf 87' lang='lat' dir='ltr'>con-</span> 
     </span>
     <span class='ocr_line' id='line_1_25' title="bbox 158 1778 1818 1834; baseline 0 -15"><span class='ocrx_word' id='word_1_214' title='bbox 158 1779 208 1820; x_wconf 84' lang='lat'>13</span> <span class='ocrx_word' id='word_1_215' title='bbox 226 1779 452 1820; x_wconf 87' lang='lat' dir='ltr'>fitentium.</span> <span class='ocrx_word' id='word_1_216' title='bbox 496 1779 800 1833; x_wconf 76' lang='lat' dir='ltr'>explorandum</span> <span class='ocrx_word' id='word_1_217' title='bbox 832 1779 977 1834; x_wconf 77' lang='lat' dir='ltr'>igitur,</span> <span class='ocrx_word' id='word_1_218' title='bbox 1011 1794 1112 1833; x_wconf 78' lang='lat' dir='ltr'>quas</span> <span class='ocrx_word' id='word_1_219' title='bbox 1146 1793 1291 1819; x_wconf 79' lang='lat' dir='ltr'>causas</span> <span class='ocrx_word' id='word_1_220' title='bbox 1312 1778 1507 1819; x_wconf 84' lang='lat' dir='ltr'>laedendi</span> <span class='ocrx_word' id='word_1_221' title='bbox 1529 1778 1818 1819; x_wconf 84' lang='lat' dir='ltr'>aduersarium</span> 
     </span>
     <span class='ocr_line' id='line_1_26' title="bbox 223 1846 1868 1901; baseline 0 -14"><span class='ocrx_word' id='word_1_222' title='bbox 223 1847 431 1901; x_wconf 84' lang='lat' dir='ltr'>adferant,</span> <span class='ocrx_word' id='word_1_223' title='bbox 464 1861 542 1888; x_wconf 88' lang='lat' dir='ltr'>nec</span> <span class='ocrx_word' id='word_1_224' title='bbox 572 1847 614 1887; x_wconf 92' lang='lat' dir='ltr'>id</span> <span class='ocrx_word' id='word_1_225' title='bbox 645 1849 711 1887; x_wconf 89' lang='lat' dir='ltr'>sat</span> <span class='ocrx_word' id='word_1_226' title='bbox 743 1849 806 1888; x_wconf 81' lang='lat' dir='ltr'>est</span> <span class='ocrx_word' id='word_1_227' title='bbox 838 1847 1031 1888; x_wconf 84' lang='lat' dir='ltr'>inimicos</span> <span class='ocrx_word' id='word_1_228' title='bbox 1063 1846 1206 1900; x_wconf 85' lang='lat' dir='ltr'>fuisse,</span> <span class='ocrx_word' id='word_1_229' title='bbox 1239 1847 1310 1888; x_wconf 86' lang='lat' dir='ltr'>sed</span> <span class='ocrx_word' id='word_1_230' title='bbox 1343 1862 1397 1887; x_wconf 86' lang='lat' dir='ltr'>an</span> <span class='ocrx_word' id='word_1_231' title='bbox 1420 1847 1633 1901; x_wconf 84' lang='lat' dir='ltr'>desierint,</span> <span class='ocrx_word' id='word_1_232' title='bbox 1666 1861 1818 1901; x_wconf 86' lang='lat' dir='ltr'>anper</span> <span class='ocrx_word' id='word_1_233' title='bbox 1837 1860 1868 1885; x_wconf 72' lang='lat'>25</span> 
     </span>
     <span class='ocr_line' id='line_1_27' title="bbox 221 1915 1817 1969; baseline 0.001 -14"><span class='ocrx_word' id='word_1_234' title='bbox 221 1915 299 1956; x_wconf 91' lang='lat' dir='ltr'>hoc</span> <span class='ocrx_word' id='word_1_235' title='bbox 331 1916 469 1969; x_wconf 85' lang='lat' dir='ltr'>ipsum</span> <span class='ocrx_word' id='word_1_236' title='bbox 501 1915 768 1956; x_wconf 84' lang='lat' dir='ltr'>reconciliari</span> <span class='ocrx_word' id='word_1_237' title='bbox 806 1915 960 1968; x_wconf 88' lang='lat' dir='ltr'>uelint,</span> <span class='ocrx_word' id='word_1_238' title='bbox 1000 1930 1054 1956; x_wconf 86' lang='lat' dir='ltr'>ne</span> <span class='ocrx_word' id='word_1_239' title='bbox 1089 1915 1274 1969; x_wconf 82' lang='lat' dir='ltr'>corrupti</span> <span class='ocrx_word' id='word_1_240' title='bbox 1314 1915 1422 1968; x_wconf 87' lang='lat' dir='ltr'>sint,</span> <span class='ocrx_word' id='word_1_241' title='bbox 1462 1930 1514 1955; x_wconf 89' lang='lat' dir='ltr'>ne</span> <span class='ocrx_word' id='word_1_242' title='bbox 1552 1915 1817 1969; x_wconf 82' lang='lat' dir='ltr'>paenitentia</span> 
     </span>
     <span class='ocr_line' id='line_1_28' title="bbox 221 1983 1817 2041; baseline -0.001 -17"><span class='ocrx_word' id='word_1_243' title='bbox 221 1984 482 2038; x_wconf 81' lang='lat' dir='ltr'>propositum</span> <span class='ocrx_word' id='word_1_244' title='bbox 514 1984 786 2024; x_wconf 66' lang='lat' dir='ltr'>nmtauerint.</span> <span class='ocrx_word' id='word_1_245' title='bbox 839 1984 946 2038; x_wconf 76' lang='lat' dir='ltr'>quod</span> <span class='ocrx_word' id='word_1_246' title='bbox 983 1983 1108 2041; x_wconf 78' lang='lat' dir='ltr'>[eum]</span> <span class='ocrx_word' id='word_1_247' title='bbox 1142 1984 1186 2024; x_wconf 87' lang='lat' dir='ltr'>in</span> <span class='ocrx_word' id='word_1_248' title='bbox 1217 1983 1269 2024; x_wconf 90' lang='lat' dir='ltr'>iis</span> <span class='ocrx_word' id='word_1_249' title='bbox 1301 1998 1477 2039; x_wconf 86' lang='lat' dir='ltr'>quoque,</span> <span class='ocrx_word' id='word_1_250' title='bbox 1513 1983 1583 2038; x_wconf 89' lang='lat' dir='ltr'>qui</span> <span class='ocrx_word' id='word_1_251' title='bbox 1615 1998 1677 2035; x_wconf 86' lang='lat' dir='ltr'>ea,</span> <span class='ocrx_word' id='word_1_252' title='bbox 1711 1997 1817 2038; x_wconf 87' lang='lat' dir='ltr'>quae</span> 
     </span>
     <span class='ocr_line' id='line_1_29' title="bbox 221 2052 1813 2106; baseline 0 -14"><span class='ocrx_word' id='word_1_253' title='bbox 221 2052 374 2093; x_wconf 85' lang='lat' dir='ltr'>dicturi</span> <span class='ocrx_word' id='word_1_254' title='bbox 415 2052 633 2105; x_wconf 85' lang='lat' dir='ltr'>uidentur,</span> <span class='ocrx_word' id='word_1_255' title='bbox 679 2067 723 2093; x_wconf 90' lang='lat' dir='ltr'>re</span> <span class='ocrx_word' id='word_1_256' title='bbox 764 2067 864 2093; x_wconf 84' lang='lat' dir='ltr'>uera</span> <span class='ocrx_word' id='word_1_257' title='bbox 906 2052 1066 2105; x_wconf 80' lang='lat' dir='ltr'>sciunt,</span> <span class='ocrx_word' id='word_1_258' title='bbox 1118 2052 1402 2093; x_wconf 86' lang='lat' dir='ltr'>necessarium</span> <span class='ocrx_word' id='word_1_259' title='bbox 1444 2054 1507 2092; x_wconf 86' lang='lat' dir='ltr'>est</span> <span class='ocrx_word' id='word_1_260' title='bbox 1547 2066 1813 2106; x_wconf 84' lang='lat' dir='ltr'>praecauere,</span> 
     </span>
     <span class='ocr_line' id='line_1_30' title="bbox 220 2120 1813 2175; baseline 0.001 -15"><span class='ocrx_word' id='word_1_261' title='bbox 220 2120 352 2161; x_wconf 82' lang='lat' dir='ltr'>multo</span> <span class='ocrx_word' id='word_1_262' title='bbox 384 2120 521 2175; x_wconf 76' lang='lat' dir='ltr'>magis</span> <span class='ocrx_word' id='word_1_263' title='bbox 553 2120 597 2161; x_wconf 90' lang='lat' dir='ltr'>in</span> <span class='ocrx_word' id='word_1_264' title='bbox 628 2120 692 2173; x_wconf 83' lang='lat' dir='ltr'>iis,</span> <span class='ocrx_word' id='word_1_265' title='bbox 726 2121 796 2175; x_wconf 88' lang='lat' dir='ltr'>qni</span> <span class='ocrx_word' id='word_1_266' title='bbox 827 2135 870 2161; x_wconf 84' lang='lat' dir='ltr'>se</span> <span class='ocrx_word' id='word_1_267' title='bbox 903 2120 1101 2173; x_wconf 79' lang='lat' dir='ltr'>dicturos,</span> <span class='ocrx_word' id='word_1_268' title='bbox 1136 2135 1241 2174; x_wconf 85' lang='lat' dir='ltr'>quae</span> <span class='ocrx_word' id='word_1_269' title='bbox 1269 2120 1379 2161; x_wconf 83' lang='lat' dir='ltr'>falsa</span> <span class='ocrx_word' id='word_1_270' title='bbox 1401 2122 1513 2173; x_wconf 85' lang='lat' dir='ltr'>sunt,</span> <span class='ocrx_word' id='word_1_271' title='bbox 1545 2120 1813 2174; x_wconf 88' lang='lat' dir='ltr'>pollicentur.</span> 
     </span>
    </p>
   </div>
   <div class='ocr_carea' id='block_1_3' title="bbox 1056 556 1075 564">
    <p class='ocr_par' dir='ltr' id='par_1_3' title="bbox 1056 556 1075 564">
     <span class='ocr_line' id='line_1_31' title="bbox 1056 556 1075 564; baseline 0 0"><span class='ocrx_word' id='word_1_272' title='bbox 1056 556 1075 564; x_wconf 54' lang='grc' dir='ltr'><strong><em>ο</em></strong></span> 
     </span>
    </p>
   </div>
   <div class='ocr_carea' id='block_1_4' title="bbox 218 2224 1816 2991">
    <p class='ocr_par' dir='ltr' id='par_1_4' title="bbox 218 2224 1816 2991">
     <span class='ocr_line' id='line_1_32' title="bbox 312 2224 1815 2266; baseline -0.001 -10"><span class='ocrx_word' id='word_1_273' title='bbox 312 2227 327 2256; x_wconf 89' lang='grc'>1</span> <span class='ocrx_word' id='word_1_274' title='bbox 355 2228 548 2266; x_wconf 61' lang='lat' dir='ltr'>suggermt</span> <span class='ocrx_word' id='word_1_275' title='bbox 569 2235 590 2255; x_wconf 87' lang='lat' dir='ltr'>a</span> <span class='ocrx_word' id='word_1_276' title='bbox 661 2228 679 2256; x_wconf 81' lang='grc'><strong><em>2</em></strong></span> <span class='ocrx_word' id='word_1_277' title='bbox 694 2225 805 2256; x_wconf 82' lang='lat' dir='ltr'>ueluti</span> <span class='ocrx_word' id='word_1_278' title='bbox 823 2225 848 2255; x_wconf 88' lang='lat' dir='ltr'>B</span> <span class='ocrx_word' id='word_1_279' title='bbox 931 2228 950 2256; x_wconf 72' lang='lat'>2}</span> <span class='ocrx_word' id='word_1_280' title='bbox 978 2225 1023 2256; x_wconf 79' lang='lat' dir='ltr'>ad</span> <span class='ocrx_word' id='word_1_281' title='bbox 1051 2235 1141 2265; x_wconf 79' lang='lat' dir='ltr'>quae</span> <span class='ocrx_word' id='word_1_282' title='bbox 1160 2234 1198 2255; x_wconf 79' lang='lat' dir='ltr'>a:</span> <span class='ocrx_word' id='word_1_283' title='bbox 1227 2228 1299 2266; x_wconf 83' lang='lat' dir='ltr'>atq.</span> <span class='ocrx_word' id='word_1_284' title='bbox 1316 2225 1411 2261; x_wconf 67' lang='grc' dir='ltr'>ΑΒΗ,</span> <span class='ocrx_word' id='word_1_285' title='bbox 1437 2224 1487 2264; x_wconf 82' lang='lat' dir='ltr'>Bg</span> <span class='ocrx_word' id='word_1_286' title='bbox 1508 2224 1554 2255; x_wconf 83' lang='lat' dir='ltr'>ad</span> <span class='ocrx_word' id='word_1_287' title='bbox 1573 2225 1604 2255; x_wconf 81' lang='grc' dir='ltr'><em>ιή</em></span> <span class='ocrx_word' id='word_1_288' title='bbox 1625 2235 1694 2255; x_wconf 70' lang='lat' dir='ltr'>ras.</span> <span class='ocrx_word' id='word_1_289' title='bbox 1717 2224 1815 2256; x_wconf 74' lang='lat' dir='ltr'>habet</span> 
     </span>
     <span class='ocr_line' id='line_1_33' title="bbox 310 2266 1814 2313; baseline 0 -12"><span class='ocrx_word' id='word_1_290' title='bbox 310 2272 339 2301; x_wconf 58' lang='grc' dir='ltr'>4Ὶ</span> <span class='ocrx_word' id='word_1_291' title='bbox 358 2266 549 2313; x_wconf 78' lang='lat' dir='ltr'>perpetua]</span> <span class='ocrx_word' id='word_1_292' title='bbox 570 2272 622 2301; x_wconf 70' lang='lat' dir='ltr'>m&lt;—</span> <span class='ocrx_word' id='word_1_293' title='bbox 641 2272 756 2312; x_wconf 54' lang='grc' dir='ltr'>Μοίρι]</span> <span class='ocrx_word' id='word_1_294' title='bbox 774 2272 806 2301; x_wconf 79' lang='lat' dir='ltr'>in</span> <span class='ocrx_word' id='word_1_295' title='bbox 824 2271 853 2301; x_wconf 87' lang='lat' dir='ltr'><strong>A</strong></span> <span class='ocrx_word' id='word_1_296' title='bbox 871 2272 938 2303; x_wconf 74' lang='lat' dir='ltr'>alia</span> <span class='ocrx_word' id='word_1_297' title='bbox 956 2282 1070 2302; x_wconf 64' lang='lat' dir='ltr'>&#39;nanus</span> <span class='ocrx_word' id='word_1_298' title='bbox 1095 2271 1239 2301; x_wconf 69' lang='lat' dir='ltr'>eiusdem</span> <span class='ocrx_word' id='word_1_299' title='bbox 1265 2271 1388 2302; x_wconf 71' lang='lat' dir='ltr'>aetatis</span> <span class='ocrx_word' id='word_1_300' title='bbox 1481 2272 1500 2302; x_wconf 62' lang='lat'>&gt;5</span> <span class='ocrx_word' id='word_1_301' title='bbox 1519 2270 1555 2300; x_wconf 88' lang='lat' dir='ltr'>in</span> <span class='ocrx_word' id='word_1_302' title='bbox 1575 2267 1733 2311; x_wconf 78' lang='lat' dir='ltr'>iudiciis]</span> <span class='ocrx_word' id='word_1_303' title='bbox 1754 2270 1814 2301; x_wconf 89' lang='lat' dir='ltr'>iud</span> 
     </span>
     <span class='ocr_line' id='line_1_34' title="bbox 221 2315 1813 2357; baseline -0.001 -9"><span class='ocrx_word' id='word_1_304' title='bbox 221 2316 299 2357; x_wconf 72' lang='lat' dir='ltr'>(sie)</span> <span class='ocrx_word' id='word_1_305' title='bbox 325 2315 362 2356; x_wconf 87' lang='lat' dir='ltr'>B,</span> <span class='ocrx_word' id='word_1_306' title='bbox 392 2316 536 2347; x_wconf 80' lang='lat' dir='ltr'>iudiciis</span> <span class='ocrx_word' id='word_1_307' title='bbox 562 2316 620 2346; x_wconf 89' lang='lat' dir='ltr'>Ab</span> <span class='ocrx_word' id='word_1_308' title='bbox 760 2316 840 2357; x_wconf 70' lang='lat' dir='ltr'>lege</span> <span class='ocrx_word' id='word_1_309' title='bbox 870 2317 1074 2348; x_wconf 82' lang='lat' dir='ltr'>denuntiari</span> <span class='ocrx_word' id='word_1_310' title='bbox 1109 2316 1201 2347; x_wconf 75' lang='lat' dir='ltr'>solet</span> <span class='ocrx_word' id='word_1_311' title='bbox 1227 2316 1290 2346; x_wconf 89' lang='lat' dir='ltr'>Bn:</span> <span class='ocrx_word' id='word_1_312' title='bbox 1325 2315 1481 2356; x_wconf 63' lang='lat' dir='ltr'>legende</span> <span class='ocrx_word' id='word_1_313' title='bbox 1509 2315 1667 2346; x_wconf 78' lang='lat' dir='ltr'>nuntiari</span> <span class='ocrx_word' id='word_1_314' title='bbox 1696 2326 1722 2346; x_wconf 84' lang='lat' dir='ltr'>s.</span> <span class='ocrx_word' id='word_1_315' title='bbox 1749 2316 1813 2355; x_wconf 79' lang='lat' dir='ltr'>Eg,</span> 
     </span>
     <span class='ocr_line' id='line_1_35' title="bbox 221 2361 1814 2403; baseline -0.001 -9"><span class='ocrx_word' id='word_1_316' title='bbox 221 2362 299 2403; x_wconf 61' lang='lat' dir='ltr'>lege</span> <span class='ocrx_word' id='word_1_317' title='bbox 327 2362 564 2393; x_wconf 77' lang='lat' dir='ltr'>denuntiatur</span> <span class='ocrx_word' id='word_1_318' title='bbox 592 2368 626 2392; x_wconf 85' lang='lat' dir='ltr'>et</span> <span class='ocrx_word' id='word_1_319' title='bbox 650 2361 691 2403; x_wconf 88' lang='lat' dir='ltr'>A,</span> <span class='ocrx_word' id='word_1_320' title='bbox 720 2361 839 2402; x_wconf 64' lang='lat' dir='ltr'>legem</span> <span class='ocrx_word' id='word_1_321' title='bbox 866 2363 1055 2394; x_wconf 75' lang='lat' dir='ltr'>nuntiatur</span> <span class='ocrx_word' id='word_1_322' title='bbox 1080 2363 1155 2399; x_wconf 72' lang='lat' dir='ltr'>FT,</span> <span class='ocrx_word' id='word_1_323' title='bbox 1183 2363 1258 2393; x_wconf 60' lang='lat' dir='ltr'>‘ilem</span> <span class='ocrx_word' id='word_1_324' title='bbox 1283 2362 1304 2391; x_wconf 91' lang='lat' dir='ltr'>b</span> <span class='ocrx_word' id='word_1_325' title='bbox 1329 2366 1362 2392; x_wconf 79' lang='grc' dir='ltr'>ιιί</span> <span class='ocrx_word' id='word_1_326' title='bbox 1389 2363 1534 2403; x_wconf 68' lang='lat' dir='ltr'>uidetur,</span> <span class='ocrx_word' id='word_1_327' title='bbox 1560 2363 1623 2392; x_wconf 66' lang='lat' dir='ltr'>sul</span> <span class='ocrx_word' id='word_1_328' title='bbox 1646 2362 1814 2393; x_wconf 70' lang='lat' dir='ltr'>corr-ectio</span> 
     </span>
     <span class='ocr_line' id='line_1_36' title="bbox 219 2406 1813 2448; baseline -0.001 -10"><span class='ocrx_word' id='word_1_329' title='bbox 219 2418 333 2439; x_wconf 70' lang='lat' dir='ltr'>manus</span> <span class='ocrx_word' id='word_1_330' title='bbox 350 2408 518 2439; x_wconf 63' lang='lat' dir='ltr'>setnmdae</span> <span class='ocrx_word' id='word_1_331' title='bbox 544 2409 575 2438; x_wconf 79' lang='lat' dir='ltr'>in</span> <span class='ocrx_word' id='word_1_332' title='bbox 593 2406 653 2447; x_wconf 77' lang='lat' dir='ltr'>Bg,</span> <span class='ocrx_word' id='word_1_333' title='bbox 681 2412 716 2438; x_wconf 75' lang='lat'>11!</span> <span class='ocrx_word' id='word_1_334' title='bbox 738 2410 922 2448; x_wconf 69' lang='lat' dir='ltr'>pleraeque</span> <span class='ocrx_word' id='word_1_335' title='bbox 942 2410 973 2439; x_wconf 79' lang='lat' dir='ltr'>in</span> <span class='ocrx_word' id='word_1_336' title='bbox 991 2408 1051 2439; x_wconf 74' lang='lat' dir='ltr'>lme</span> <span class='ocrx_word' id='word_1_337' title='bbox 1069 2408 1165 2445; x_wconf 74' lang='lat' dir='ltr'>libro,</span> <span class='ocrx_word' id='word_1_338' title='bbox 1189 2412 1311 2448; x_wconf 72' lang='lat' dir='ltr'>Jmslea</span> <span class='ocrx_word' id='word_1_339' title='bbox 1329 2418 1429 2438; x_wconf 68' lang='lat' dir='ltr'>erasa</span> <span class='ocrx_word' id='word_1_340' title='bbox 1448 2411 1497 2438; x_wconf 73' lang='lat' dir='ltr'>est</span> <span class='ocrx_word' id='word_1_341' title='bbox 1589 2408 1608 2438; x_wconf 78' lang='lat'><strong>9</strong></span> <span class='ocrx_word' id='word_1_342' title='bbox 1637 2406 1752 2438; x_wconf 65' lang='lat' dir='ltr'>aliern</span> <span class='ocrx_word' id='word_1_343' title='bbox 1773 2407 1813 2447; x_wconf 83' lang='lat' dir='ltr'>A,</span> 
     </span>
     <span class='ocr_line' id='line_1_37' title="bbox 219 2451 1732 2495; baseline -0.001 -11"><span class='ocrx_word' id='word_1_344' title='bbox 219 2459 360 2495; x_wconf 69' lang='lat' dir='ltr'>utroque</span> <span class='ocrx_word' id='word_1_345' title='bbox 387 2455 470 2493; x_wconf 67' lang='lat' dir='ltr'>loeo,</span> <span class='ocrx_word' id='word_1_346' title='bbox 497 2454 560 2485; x_wconf 77' lang='lat' dir='ltr'>sed</span> <span class='ocrx_word' id='word_1_347' title='bbox 586 2454 605 2483; x_wconf 85' lang='grc'>1”1</span> <span class='ocrx_word' id='word_1_348' title='bbox 633 2455 664 2484; x_wconf 78' lang='lat'>1&#39;71</span> <span class='ocrx_word' id='word_1_349' title='bbox 690 2464 758 2484; x_wconf 69' lang='lat' dir='ltr'>rus.</span> <span class='ocrx_word' id='word_1_350' title='bbox 858 2455 891 2483; x_wconf 92' lang='lat' dir='ltr'>ll</span> <span class='ocrx_word' id='word_1_351' title='bbox 922 2453 1168 2484; x_wconf 78' lang='lat' dir='ltr'>uoluntarium</span> <span class='ocrx_word' id='word_1_352' title='bbox 1197 2463 1273 2483; x_wconf 78' lang='lat' dir='ltr'>cuin</span> <span class='ocrx_word' id='word_1_353' title='bbox 1304 2451 1399 2491; x_wconf 80' lang='lat' dir='ltr'>(euni</span> <span class='ocrx_word' id='word_1_354' title='bbox 1418 2451 1452 2493; x_wconf 81' lang='lat' dir='ltr'>a)</span> <span class='ocrx_word' id='word_1_355' title='bbox 1482 2452 1649 2494; x_wconf 67' lang='lat' dir='ltr'>producit</span> <span class='ocrx_word' id='word_1_356' title='bbox 1673 2451 1732 2482; x_wconf 85' lang='lat' dir='ltr'>Ab</span> 
     </span>
     <span class='ocr_line' id='line_1_38' title="bbox 222 2497 1813 2539; baseline -0.001 -10"><span class='ocrx_word' id='word_1_357' title='bbox 222 2498 394 2530; x_wconf 78' lang='lat' dir='ltr'>ducturus</span> <span class='ocrx_word' id='word_1_358' title='bbox 420 2497 460 2529; x_wconf 81' lang='lat' dir='ltr'>A¹</span> <span class='ocrx_word' id='word_1_359' title='bbox 577 2500 614 2530; x_wconf 87' lang='lat'>13</span> <span class='ocrx_word' id='word_1_360' title='bbox 642 2498 836 2539; x_wconf 75' lang='lat' dir='ltr'>uigilantia</span> <span class='ocrx_word' id='word_1_361' title='bbox 862 2498 901 2529; x_wconf 86' lang='lat' dir='ltr'>A¹</span> <span class='ocrx_word' id='word_1_362' title='bbox 1016 2500 1056 2530; x_wconf 82' lang='lat'>14</span> <span class='ocrx_word' id='word_1_363' title='bbox 1082 2499 1128 2529; x_wconf 82' lang='lat' dir='ltr'>sit</span> <span class='ocrx_word' id='word_1_364' title='bbox 1154 2509 1246 2529; x_wconf 66' lang='lat' dir='ltr'>eor-r.</span> <span class='ocrx_word' id='word_1_365' title='bbox 1273 2509 1319 2529; x_wconf 63' lang='grc' dir='ltr'>σω</span> <span class='ocrx_word' id='word_1_366' title='bbox 1345 2499 1397 2529; x_wconf 75' lang='lat' dir='ltr'>sic</span> <span class='ocrx_word' id='word_1_367' title='bbox 1422 2499 1451 2529; x_wconf 81' lang='lat' dir='ltr'>A</span> <span class='ocrx_word' id='word_1_368' title='bbox 1547 2500 1586 2529; x_wconf 82' lang='lat'>15</span> <span class='ocrx_word' id='word_1_369' title='bbox 1615 2497 1813 2528; x_wconf 84' lang='lat' dir='ltr'>indnuntur</span> 
     </span>
     <span class='ocr_line' id='line_1_39' title="bbox 220 2543 1816 2584; baseline -0.002 -8"><span class='ocrx_word' id='word_1_370' title='bbox 220 2544 252 2576; x_wconf 86' lang='lat' dir='ltr'>I.</span> <span class='ocrx_word' id='word_1_371' title='bbox 280 2544 319 2575; x_wconf 62' lang='lat' dir='ltr'>lv&#39;.</span> <span class='ocrx_word' id='word_1_372' title='bbox 349 2545 536 2575; x_wconf 57' lang='lat' dir='ltr'>(immulas-</span> <span class='ocrx_word' id='word_1_373' title='bbox 562 2545 609 2575; x_wconf 75' lang='lat' dir='ltr'>ml</span> <span class='ocrx_word' id='word_1_374' title='bbox 633 2544 711 2575; x_wconf 70' lang='lat' dir='ltr'>Seu.</span> <span class='ocrx_word' id='word_1_375' title='bbox 742 2543 846 2578; x_wconf 71' lang='lat' dir='ltr'>llere,</span> <span class='ocrx_word' id='word_1_376' title='bbox 871 2544 940 2583; x_wconf 70' lang='lat' dir='ltr'>fur.</span> <span class='ocrx_word' id='word_1_377' title='bbox 969 2547 1059 2575; x_wconf 82' lang='grc'><strong>1312</strong></span> <span class='ocrx_word' id='word_1_378' title='bbox 1154 2544 1284 2584; x_wconf 82' lang='lat' dir='ltr'>laqueo</span> <span class='ocrx_word' id='word_1_379' title='bbox 1311 2543 1374 2574; x_wconf 77' lang='lat' dir='ltr'>sed</span> <span class='ocrx_word' id='word_1_380' title='bbox 1400 2543 1436 2583; x_wconf 89' lang='lat' dir='ltr'>B,</span> <span class='ocrx_word' id='word_1_381' title='bbox 1464 2543 1560 2575; x_wconf 79' lang='lat' dir='ltr'>latus</span> <span class='ocrx_word' id='word_1_382' title='bbox 1588 2547 1622 2573; x_wconf 80' lang='lat' dir='ltr'>et</span> <span class='ocrx_word' id='word_1_383' title='bbox 1647 2543 1726 2582; x_wconf 84' lang='lat' dir='ltr'>Ab,</span> <span class='ocrx_word' id='word_1_384' title='bbox 1752 2543 1816 2573; x_wconf 72' lang='lat' dir='ltr'>sed</span> 
     </span>
     <span class='ocr_line' id='line_1_40' title="bbox 219 2588 1812 2630; baseline -0.001 -10"><span class='ocrx_word' id='word_1_385' title='bbox 219 2600 241 2620; x_wconf 90' lang='lat' dir='ltr'>u</span> <span class='ocrx_word' id='word_1_386' title='bbox 266 2589 295 2620; x_wconf 85' lang='lat' dir='ltr'>A</span> <span class='ocrx_word' id='word_1_387' title='bbox 321 2591 353 2620; x_wconf 78' lang='lat' dir='ltr'>in</span> <span class='ocrx_word' id='word_1_388' title='bbox 380 2601 448 2620; x_wconf 75' lang='lat' dir='ltr'>ras.</span> <span class='ocrx_word' id='word_1_389' title='bbox 544 2589 713 2630; x_wconf 76' lang='lat' dir='ltr'>deprensi</span> <span class='ocrx_word' id='word_1_390' title='bbox 731 2589 811 2620; x_wconf 90' lang='lat' dir='ltr'>AB:</span> <span class='ocrx_word' id='word_1_391' title='bbox 839 2589 1054 2630; x_wconf 70' lang='lat' dir='ltr'>deprehensi</span> <span class='ocrx_word' id='word_1_392' title='bbox 1075 2598 1094 2623; x_wconf 79' lang='grc' dir='ltr'><strong><em>ς</em></strong></span> <span class='ocrx_word' id='word_1_393' title='bbox 1191 2591 1228 2620; x_wconf 84' lang='grc'>17</span> <span class='ocrx_word' id='word_1_394' title='bbox 1255 2588 1461 2620; x_wconf 80' lang='lat' dir='ltr'>dominante</span> <span class='ocrx_word' id='word_1_395' title='bbox 1480 2589 1501 2619; x_wconf 90' lang='lat' dir='ltr'>b</span> <span class='ocrx_word' id='word_1_396' title='bbox 1594 2591 1812 2628; x_wconf 78' lang='lat' dir='ltr'>pereuncta-</span> 
     </span>
     <span class='ocr_line' id='line_1_41' title="bbox 219 2632 1758 2676; baseline -0.001 -10"><span class='ocrx_word' id='word_1_397' title='bbox 219 2635 379 2666; x_wconf 72' lang='lat' dir='ltr'>tionibus</span> <span class='ocrx_word' id='word_1_398' title='bbox 404 2635 433 2665; x_wconf 88' lang='lat' dir='ltr'>A</span> <span class='ocrx_word' id='word_1_399' title='bbox 528 2635 572 2665; x_wconf 84' lang='lat' dir='ltr'>ab</span> <span class='ocrx_word' id='word_1_400' title='bbox 600 2646 661 2666; x_wconf 77' lang='lat' dir='ltr'>om.</span> <span class='ocrx_word' id='word_1_401' title='bbox 687 2632 716 2664; x_wconf 86' lang='lat' dir='ltr'>A</span> <span class='ocrx_word' id='word_1_402' title='bbox 813 2636 850 2665; x_wconf 64' lang='lat'>15</span> <span class='ocrx_word' id='word_1_403' title='bbox 878 2639 1028 2675; x_wconf 73' lang='lat' dir='ltr'>possunt</span> <span class='ocrx_word' id='word_1_404' title='bbox 1052 2634 1094 2665; x_wconf 87' lang='lat' dir='ltr'>B:</span> <span class='ocrx_word' id='word_1_405' title='bbox 1124 2635 1265 2676; x_wconf 71' lang='lat' dir='ltr'>possint</span> <span class='ocrx_word' id='word_1_406' title='bbox 1289 2634 1365 2668; x_wconf 57' lang='lat' dir='ltr'>Ag*</span> <span class='ocrx_word' id='word_1_407' title='bbox 1442 2635 1481 2665; x_wconf 82' lang='lat'>19</span> <span class='ocrx_word' id='word_1_408' title='bbox 1508 2634 1585 2674; x_wconf 79' lang='lat' dir='ltr'>quit</span> <span class='ocrx_word' id='word_1_409' title='bbox 1609 2632 1661 2672; x_wconf 88' lang='lat' dir='ltr'>Bg</span> <span class='ocrx_word' id='word_1_410' title='bbox 1688 2636 1758 2665; x_wconf 82' lang='lat' dir='ltr'>lm.</span> 
     </span>
     <span class='ocr_line' id='line_1_42' title="bbox 219 2676 1810 2721; baseline -0.001 -10"><span class='ocrx_word' id='word_1_411' title='bbox 219 2684 400 2721; x_wconf 75' lang='lat' dir='ltr'>oportuna</span> <span class='ocrx_word' id='word_1_412' title='bbox 426 2680 467 2710; x_wconf 88' lang='lat' dir='ltr'>B:</span> <span class='ocrx_word' id='word_1_413' title='bbox 496 2683 676 2721; x_wconf 77' lang='lat' dir='ltr'>opurtuna</span> <span class='ocrx_word' id='word_1_414' title='bbox 701 2681 740 2716; x_wconf 87' lang='lat' dir='ltr'>A,</span> <span class='ocrx_word' id='word_1_415' title='bbox 768 2691 850 2721; x_wconf 71' lang='lat' dir='ltr'>opp.</span> <span class='ocrx_word' id='word_1_416' title='bbox 878 2688 898 2714; x_wconf 76' lang='grc' dir='ltr'>ς</span> <span class='ocrx_word' id='word_1_417' title='bbox 1037 2682 1078 2711; x_wconf 71' lang='lat'>20</span> <span class='ocrx_word' id='word_1_418' title='bbox 1105 2680 1150 2711; x_wconf 73' lang='lat' dir='ltr'>iis</span> <span class='ocrx_word' id='word_1_419' title='bbox 1175 2681 1212 2711; x_wconf 87' lang='lat' dir='ltr'>b:</span> <span class='ocrx_word' id='word_1_420' title='bbox 1240 2676 1273 2711; x_wconf 55' lang='lat'>§.3</span> <span class='ocrx_word' id='word_1_421' title='bbox 1296 2680 1394 2719; x_wconf 83' lang='lat' dir='ltr'>ABg,</span> <span class='ocrx_word' id='word_1_422' title='bbox 1422 2679 1478 2709; x_wconf 82' lang='lat' dir='ltr'>his</span> <span class='ocrx_word' id='word_1_423' title='bbox 1503 2679 1552 2709; x_wconf 86' lang='lat' dir='ltr'>Bn</span> <span class='ocrx_word' id='word_1_424' title='bbox 1577 2683 1608 2710; x_wconf 78' lang='lat' dir='ltr'>et</span> <span class='ocrx_word' id='word_1_425' title='bbox 1635 2687 1654 2713; x_wconf 80' lang='grc' dir='ltr'>ς</span> <span class='ocrx_word' id='word_1_426' title='bbox 1770 2679 1810 2709; x_wconf 79' lang='grc'>21</span> 
     </span>
     <span class='ocr_line' id='line_1_43' title="bbox 221 2724 1807 2767; baseline -0.001 -12"><span class='ocrx_word' id='word_1_427' title='bbox 221 2726 466 2756; x_wconf 67' lang='lat' dir='ltr'>constiterunt</span> <span class='ocrx_word' id='word_1_428' title='bbox 492 2726 512 2756; x_wconf 95' lang='lat' dir='ltr'>b</span> <span class='ocrx_word' id='word_1_429' title='bbox 636 2725 810 2756; x_wconf 73' lang='lat' dir='ltr'>uitandae</span> <span class='ocrx_word' id='word_1_430' title='bbox 836 2725 898 2756; x_wconf 87' lang='lat' dir='ltr'>AB</span> <span class='ocrx_word' id='word_1_431' title='bbox 925 2731 956 2755; x_wconf 64' lang='grc' dir='ltr'>(Ἰ</span> <span class='ocrx_word' id='word_1_432' title='bbox 981 2727 1151 2767; x_wconf 69' lang='lat' dir='ltr'>plerique:</span> <span class='ocrx_word' id='word_1_433' title='bbox 1180 2724 1352 2756; x_wconf 80' lang='lat' dir='ltr'>uitandae</span> <span class='ocrx_word' id='word_1_434' title='bbox 1380 2728 1463 2755; x_wconf 76' lang='lat' dir='ltr'>sunt</span> <span class='ocrx_word' id='word_1_435' title='bbox 1489 2734 1508 2760; x_wconf 83' lang='grc' dir='ltr'>ς</span> <span class='ocrx_word' id='word_1_436' title='bbox 1536 2729 1567 2755; x_wconf 80' lang='lat' dir='ltr'>el</span> <span class='ocrx_word' id='word_1_437' title='bbox 1592 2726 1673 2755; x_wconf 72' lang='lat' dir='ltr'>dell.</span> <span class='ocrx_word' id='word_1_438' title='bbox 1699 2725 1807 2765; x_wconf 68' lang='lat' dir='ltr'>pauci,</span> 
     </span>
     <span class='ocr_line' id='line_1_44' title="bbox 218 2768 1810 2812; baseline -0.001 -11"><span class='ocrx_word' id='word_1_439' title='bbox 218 2773 249 2801; x_wconf 74' lang='grc' dir='ltr'>ίη</span> <span class='ocrx_word' id='word_1_440' title='bbox 277 2771 392 2812; x_wconf 67' lang='lat' dir='ltr'>quihus</span> <span class='ocrx_word' id='word_1_441' title='bbox 418 2771 490 2802; x_wconf 76' lang='lat' dir='ltr'>sibi</span> <span class='ocrx_word' id='word_1_442' title='bbox 517 2773 610 2802; x_wconf 71' lang='lat' dir='ltr'>deese</span> <span class='ocrx_word' id='word_1_443' title='bbox 703 2772 745 2801; x_wconf 70' lang='lat'>2²2</span> <span class='ocrx_word' id='word_1_444' title='bbox 772 2771 899 2812; x_wconf 80' lang='lat' dir='ltr'>pollici</span> <span class='ocrx_word' id='word_1_445' title='bbox 916 2770 956 2801; x_wconf 91' lang='lat' dir='ltr'>A&#39;</span> <span class='ocrx_word' id='word_1_446' title='bbox 1053 2773 1094 2802; x_wconf 73' lang='lat'>23</span> <span class='ocrx_word' id='word_1_447' title='bbox 1120 2770 1361 2811; x_wconf 70' lang='lat' dir='ltr'>respondente</span> <span class='ocrx_word' id='word_1_448' title='bbox 1389 2768 1462 2810; x_wconf 79' lang='lat' dir='ltr'>(om,</span> <span class='ocrx_word' id='word_1_449' title='bbox 1491 2770 1539 2809; x_wconf 82' lang='lat' dir='ltr'>et)</span> <span class='ocrx_word' id='word_1_450' title='bbox 1559 2771 1587 2800; x_wconf 85' lang='lat' dir='ltr'>A</span> <span class='ocrx_word' id='word_1_451' title='bbox 1680 2769 1764 2800; x_wconf 79' lang='lat' dir='ltr'>illas</span> <span class='ocrx_word' id='word_1_452' title='bbox 1782 2769 1810 2799; x_wconf 89' lang='lat' dir='ltr'>A</span> 
     </span>
     <span class='ocr_line' id='line_1_45' title="bbox 263 2815 1809 2857; baseline -0.001 -10"><span class='ocrx_word' id='word_1_453' title='bbox 263 2818 305 2847; x_wconf 70' lang='lat'>24</span> <span class='ocrx_word' id='word_1_454' title='bbox 331 2816 427 2847; x_wconf 78' lang='lat' dir='ltr'>laedi</span> <span class='ocrx_word' id='word_1_455' title='bbox 442 2817 471 2847; x_wconf 88' lang='lat' dir='ltr'>A</span> <span class='ocrx_word' id='word_1_456' title='bbox 541 2818 582 2847; x_wconf 77' lang='lat'>:26</span> <span class='ocrx_word' id='word_1_457' title='bbox 602 2820 684 2847; x_wconf 81' lang='lat' dir='ltr'>sunt</span> <span class='ocrx_word' id='word_1_458' title='bbox 702 2816 754 2856; x_wconf 80' lang='lat' dir='ltr'>Bg</span> <span class='ocrx_word' id='word_1_459' title='bbox 774 2818 838 2847; x_wconf 81' lang='lat' dir='ltr'>lm.</span> <span class='ocrx_word' id='word_1_460' title='bbox 911 2817 1119 2857; x_wconf 80' lang='lat' dir='ltr'>penitentia</span> <span class='ocrx_word' id='word_1_461' title='bbox 1133 2816 1206 2856; x_wconf 83' lang='lat' dir='ltr'>AB,</span> <span class='ocrx_word' id='word_1_462' title='bbox 1227 2815 1454 2857; x_wconf 83' lang='lat' dir='ltr'>poenitentia</span> <span class='ocrx_word' id='word_1_463' title='bbox 1469 2825 1490 2846; x_wconf 78' lang='lat' dir='ltr'>a</span> <span class='ocrx_word' id='word_1_464' title='bbox 1559 2816 1600 2846; x_wconf 74' lang='lat'>27</span> <span class='ocrx_word' id='word_1_465' title='bbox 1620 2818 1809 2846; x_wconf 79' lang='lat' dir='ltr'>mutuaue-</span> 
     </span>
     <span class='ocr_line' id='line_1_46' title="bbox 221 2860 1809 2901; baseline 0.001 -11"><span class='ocrx_word' id='word_1_466' title='bbox 221 2862 289 2891; x_wconf 73' lang='lat' dir='ltr'>rint</span> <span class='ocrx_word' id='word_1_467' title='bbox 315 2862 342 2891; x_wconf 82' lang='lat' dir='ltr'>A</span> <span class='ocrx_word' id='word_1_468' title='bbox 438 2872 514 2893; x_wconf 78' lang='lat' dir='ltr'>euin</span> <span class='ocrx_word' id='word_1_469' title='bbox 540 2862 569 2892; x_wconf 83' lang='lat' dir='ltr'>A</span> <span class='ocrx_word' id='word_1_470' title='bbox 595 2865 625 2893; x_wconf 76' lang='lat' dir='ltr'>in</span> <span class='ocrx_word' id='word_1_471' title='bbox 650 2873 720 2894; x_wconf 69' lang='lat' dir='ltr'>ras.</span> <span class='ocrx_word' id='word_1_472' title='bbox 748 2874 787 2893; x_wconf 78' lang='lat' dir='ltr'>m.</span> <span class='ocrx_word' id='word_1_473' title='bbox 807 2865 839 2901; x_wconf 79' lang='lat'>2,</span> <span class='ocrx_word' id='word_1_474' title='bbox 869 2873 926 2893; x_wconf 68' lang='lat' dir='ltr'>nos</span> <span class='ocrx_word' id='word_1_475' title='bbox 952 2863 1138 2893; x_wconf 70' lang='lat' dir='ltr'>[¹11‹·l11.s·2&#39;m1t.s·</span> <span class='ocrx_word' id='word_1_476' title='bbox 1232 2861 1266 2891; x_wconf 90' lang='grc'>111</span> <span class='ocrx_word' id='word_1_477' title='bbox 1293 2860 1322 2891; x_wconf 86' lang='lat' dir='ltr'>is</span> <span class='ocrx_word' id='word_1_478' title='bbox 1347 2860 1392 2899; x_wconf 87' lang='lat' dir='ltr'>A,</span> <span class='ocrx_word' id='word_1_479' title='bbox 1419 2861 1453 2891; x_wconf 90' lang='lat' dir='ltr'>in</span> <span class='ocrx_word' id='word_1_480' title='bbox 1481 2861 1536 2892; x_wconf 86' lang='lat' dir='ltr'>his</span> <span class='ocrx_word' id='word_1_481' title='bbox 1562 2861 1599 2901; x_wconf 87' lang='lat' dir='ltr'>B,</span> <span class='ocrx_word' id='word_1_482' title='bbox 1625 2862 1687 2892; x_wconf 68' lang='lat' dir='ltr'>sed</span> <span class='ocrx_word' id='word_1_483' title='bbox 1709 2862 1809 2900; x_wconf 79' lang='lat' dir='ltr'>paulo</span> 
     </span>
     <span class='ocr_line' id='line_1_47' title="bbox 218 2906 1750 2946; baseline 0 -9"><span class='ocrx_word' id='word_1_484' title='bbox 218 2912 294 2946; x_wconf 69' lang='lat' dir='ltr'>Jmsl</span> <span class='ocrx_word' id='word_1_485' title='bbox 321 2912 410 2937; x_wconf 61' lang='lat' dir='ltr'>recle</span> <span class='ocrx_word' id='word_1_486' title='bbox 438 2909 472 2937; x_wconf 90' lang='lat' dir='ltr'>in</span> <span class='ocrx_word' id='word_1_487' title='bbox 500 2908 544 2938; x_wconf 72' lang='lat' dir='ltr'>iis</span> <span class='ocrx_word' id='word_1_488' title='bbox 639 2918 682 2938; x_wconf 82' lang='lat' dir='ltr'>ea</span> <span class='ocrx_word' id='word_1_489' title='bbox 707 2907 735 2937; x_wconf 84' lang='lat' dir='ltr'>A</span> <span class='ocrx_word' id='word_1_490' title='bbox 760 2908 792 2937; x_wconf 76' lang='lat' dir='ltr'>in</span> <span class='ocrx_word' id='word_1_491' title='bbox 818 2918 886 2938; x_wconf 70' lang='lat' dir='ltr'>ras.</span> <span class='ocrx_word' id='word_1_492' title='bbox 981 2909 1023 2939; x_wconf 72' lang='lat'>28</span> <span class='ocrx_word' id='word_1_493' title='bbox 1051 2917 1128 2938; x_wconf 82' lang='lat' dir='ltr'>esse</span> <span class='ocrx_word' id='word_1_494' title='bbox 1155 2917 1242 2937; x_wconf 80' lang='lat' dir='ltr'>uera</span> <span class='ocrx_word' id='word_1_495' title='bbox 1269 2906 1412 2937; x_wconf 62' lang='lat' dir='ltr'>Meister</span> <span class='ocrx_word' id='word_1_496' title='bbox 1436 2907 1468 2937; x_wconf 79' lang='lat' dir='ltr'>in</span> <span class='ocrx_word' id='word_1_497' title='bbox 1498 2907 1614 2937; x_wconf 67' lang='lat' dir='ltr'>philol.</span> <span class='ocrx_word' id='word_1_498' title='bbox 1633 2908 1662 2943; x_wconf 74' lang='lat' dir='ltr'>S,</span> <span class='ocrx_word' id='word_1_499' title='bbox 1684 2907 1750 2937; x_wconf 85' lang='grc'>183</span> 
     </span>
     <span class='ocr_line' id='line_1_48' title="bbox 219 2952 1716 2991; baseline 0.001 -9"><span class='ocrx_word' id='word_1_500' title='bbox 219 2954 260 2982; x_wconf 72' lang='grc'>21)</span> <span class='ocrx_word' id='word_1_501' title='bbox 288 2956 357 2981; x_wconf 73' lang='lat' dir='ltr'>tuni</span> <span class='ocrx_word' id='word_1_502' title='bbox 387 2952 496 2982; x_wconf 67' lang='lat' dir='ltr'>inulto</span> <span class='ocrx_word' id='word_1_503' title='bbox 523 2953 600 2983; x_wconf 79' lang='lat' dir='ltr'>edd.</span> <span class='ocrx_word' id='word_1_504' title='bbox 630 2957 707 2983; x_wconf 68' lang='lat' dir='ltr'>nell.</span> <span class='ocrx_word' id='word_1_505' title='bbox 804 2953 835 2982; x_wconf 90' lang='lat' dir='ltr'>in</span> <span class='ocrx_word' id='word_1_506' title='bbox 866 2953 894 2983; x_wconf 79' lang='lat' dir='ltr'>is</span> <span class='ocrx_word' id='word_1_507' title='bbox 920 2953 947 2982; x_wconf 90' lang='lat' dir='ltr'>A</span> <span class='ocrx_word' id='word_1_508' title='bbox 1041 2952 1112 2983; x_wconf 75' lang='lat' dir='ltr'>sint</span> <span class='ocrx_word' id='word_1_509' title='bbox 1137 2952 1196 2991; x_wconf 80' lang='lat' dir='ltr'>Bu,</span> <span class='ocrx_word' id='word_1_510' title='bbox 1223 2952 1285 2982; x_wconf 70' lang='lat' dir='ltr'>sed</span> <span class='ocrx_word' id='word_1_511' title='bbox 1308 2963 1396 2984; x_wconf 61' lang='lat' dir='ltr'>surr.</span> <span class='ocrx_word' id='word_1_512' title='bbox 1426 2953 1539 2983; x_wconf 73' lang='lat' dir='ltr'>eadem</span> <span class='ocrx_word' id='word_1_513' title='bbox 1565 2963 1605 2986; x_wconf 77' lang='lat' dir='ltr'>m.</span> <span class='ocrx_word' id='word_1_514' title='bbox 1632 2954 1716 2982; x_wconf 78' lang='lat' dir='ltr'>sunt</span> 
     </span>
    </p>
   </div>
  </div>
 </body>
</html>
