1955 3228
808 134 874 163 111.
915 132 950 177 3,
974 132 993 161 3
1004 149 1057 152 —
1070 131 1122 161 15.
1679 119 1759 160 125

173 238 407 282 Theodorei
443 237 533 278 fere
571 236 865 276 inuentionem
903 235 1112 288 duplicem
1151 248 1292 275 rerum
1333 235 1458 287 atque
1499 231 1759 285 elocutioniS,

175 307 326 349 deinde
362 306 441 347 tris
474 307 636 346 ‘ceteras
675 304 831 357 partes.
889 301 1177 356 Hermagoras
1208 301 1433 354 iudicium,
1474 298 1800 354 pa1·titionem,9

174 375 365 416 ordinem
403 387 593 427 quaeque
635 373 735 412 sunt
774 369 1023 411 elocutionis
1062 368 1218 409 subicit
1256 368 1610 421 oeconomiae,
1656 381 1762 422 quae

175 456 328 497 graece
360 440 575 495 appellata
606 453 655 480 ex
688 453 786 479 cura
817 451 958 478 rerum
989 436 1312 476 domesticarum
1345 438 1386 476 et
1415 436 1483 476 hic
1505 450 1580 489 per
1601 435 1763 476 abusio-

142 525 157 549 5
176 524 275 551 nem
305 509 444 563 posita
474 507 647 559 nomine
677 506 812 546 latino
844 506 973 545 caret.

288 576 369 617 Est
399 578 440 616 et
473 575 584 616 circa
613 574 693 615 hoc
715 573 919 628 quaestio,
952 571 1061 624 quod
1082 569 1325 610 memoriam
1347 569 1391 609 in
1414 569 1559 610 ordine
1580 570 1765 623 partium
1782 569 1833 608 10

177 645 348 700 quidam
370 642 624 696 inuentioni,
656 641 827 696 quidam
849 637 1117 692 dispositioni
1139 637 1468 678 subiunxerunt:
1501 637 1623 677 nobis
1645 652 1766 691 quar-

176 715 244 753 tus
277 711 365 752 eius
396 711 512 752 locus
542 710 725 751 maxime
755 707 908 762 placet.
960 720 1047 746 non
1079 705 1192 745 enim
1221 706 1388 744 tantum
1409 704 1585 744 inuenta
1605 706 1765 758 tenere,

177 782 226 820 ut
256 780 550 832 disponamus,
594 791 674 818 nec
706 775 930 830 disposita,
972 775 1019 813 ut
1049 772 1314 825 eloquamur,
1354 771 1426 812 sed
1467 771 1595 812 etiam
1628 772 1768 812 uerbis

129 864 160 888 10
178 848 361 888 formata
390 846 617 886 memoriae
648 843 850 885 mandare
872 841 1090 882 debemus:
1122 839 1203 880 hac
1225 839 1338 878 enim
1359 838 1514 892 omnia,
1548 853 1768 892 quaecum-

181 929 259 970 que
287 915 332 955 in
364 914 600 954 orationem
633 912 802 953 conlata
833 911 945 962 sunt,
981 907 1267 949 continentur.

293 982 485 1022 Fuerunt
515 981 643 1022 etiam
674 980 719 1020 in
750 979 830 1019 hac
861 976 1061 1031 opinione
1092 989 1178 1015 non
1208 974 1345 1027 pauci,
1377 975 1424 1014 ut
1454 973 1530 1014 has
1560 989 1647 1015 11011
1677 975 1769 1016 rhe-
1787 975 1828 1014 11

181 1051 334 1092 torices
364 1049 500 1104 partis
532 1063 622 1089 esse
654 1047 970 1097 existimarent,
1014 1043 1085 1083 sed
1123 1055 1251 1096 opera
1289 1041 1490 1081 oratoris:
1529 1042 1617 1082 eius
1657 1044 1770 1083 enim

183 1133 272 1160 esse
303 1117 516 1170 inuenire,
556 1116 802 1170 disponere,
845 1112 983 1165 eloqui
1021 1113 1063 1151 et
1102 1112 1254 1150 cetera.
1315 1109 1424 1162 quod
1456 1109 1490 1149 si
1522 1109 1768 1163 accipimus,

133 1202 164 1227 15
183 1186 291 1227 nihil
323 1186 405 1226 arti
435 1185 736 1238 relinquemus.
788 1195 888 1222 nam
918 1179 1027 1219 bene
1058 1177 1196 1217 dicere
1228 1178 1291 1216 est
1322 1176 1522 1229 oratoris,
1564 1176 1771 1218 rhetorice
1789 1176 1839 1216 12

183 1256 328 1295 tamen
359 1253 441 1294 erit
470 1253 578 1293 bene
610 1249 776 1292 dicendi
807 1247 1007 1290 seientia:
1046 1245 1114 1285 uel
1144 1246 1191 1284 ut
1222 1243 1293 1283 alii
1322 1245 1478 1296 putant
1507 1244 1680 1284 artificis
1711 1248 1774 1285 est

185 1321 451 1376 persuadere,
483 1320 547 1360 uis
580 1320 721 1359 autem
752 1314 1034 1371 persuadendi
1066 1313 1183 1353 artis.
1236 1312 1296 1351 ita
1327 1310 1521 1350 inuenire
1543 1311 1709 1365 quidem
1733 1315 1774 1353 et

185 1390 408 1444 disponere
439 1387 633 1440 oratoriS,
665 1385 858 1426 inuentio
890 1387 1030 1424 autem
1052 1383 1093 1422 et
1115 1378 1334 1433 dispositio
1356 1377 1585 1419 rhetorices
1606 1380 1775 1433 propria

185 1458 319 1498 uideri
350 1458 505 1510 potest.
566 1455 611 1495 in
644 1468 691 1494 eo
722 1453 863 1507 plures
895 1450 1207 1501 dissenserunt,
1250 1449 1447 1486 utrumne
1478 1444 1558 1486 hae
1596 1449 1774 1499 partes
1793 1447 1842 1486 1:⁵3

137 1542 169 1566 20
189 1526 330 1566 essent
359 1524 589 1565 rhetorices
628 1537 683 1562 an
723 1519 908 1561 eiusdem
947 1532 1104 1572 opera
1143 1531 1221 1568 an,
1262 1516 1309 1554 ut
1340 1512 1587 1554 Athenaeus
1627 1515 1772 1568 credit,

190 1593 478 1645 elementa,
524 1605 629 1645 quae
667 1590 823 1640 uocant
861 1588 1056 1638 (τοιχεῖα.
1123 1583 1193 1624 sed
1239 1595 1374 1636 neque
1415 1580 1623 1620 elementa
1663 1585 1776 1623 recte

190 1661 281 1715 quis
313 1660 486 1701 dixerit:
521 1657 675 1712 alioqui
706 1658 875 1696 tantum
906 1653 1029 1694 init-ia
1061 1654 1198 1703 erunt,
1231 1652 1279 1690 ut
1310 1648 1456 1689 mundi
1481 1648 1547 1687 uel
1570 1663 1689 1689 umor
1710 1651 1776 1690 uel

189 1728 304 1782 ignis
336 1728 403 1768 uel
433 1726 613 1767 materia
643 1724 710 1765 uel
743 1737 917 1777 corpora
947 1719 1216 1762 insecabilia:
1248 1731 1325 1757 nec
1357 1730 1529 1769 operum
1562 1719 1673 1756 recte
1704 1732 1776 1757 110-

190 1811 287 1837 men
319 1795 550 1849 accipient,
592 1807 698 1847 quae
738 1806 825 1832 non
857 1790 908 1830 ab
948 1789 1041 1829 aliis
1079 1786 1378 1841 perficiuntur,
1423 1783 1492 1823 sed
1537 1783 1648 1823 aliud
1686 1784 1778 1838 ipsa

142 1879 173 1903 25
191 1863 437 1918 perficiunt:
476 1863 619 1916 partes
651 1860 797 1914 igitur.
857 1872 957 1898 nam
996 1871 1089 1897 cum
1128 1855 1183 1896 sit
1223 1868 1271 1894 ex
1310 1851 1375 1892 his
1415 1850 1644 1903 rhetorice,
1688 1850 1847 1892 1161114

191 1946 278 1972 11011
308 1932 449 1985 potest
478 1932 544 1982 ut,
579 1943 673 1970 cum
701 1930 840 1968 totum
871 1940 922 1966 ex
952 1924 1144 1979 partibus
1177 1922 1361 1972 constet,
1401 1933 1489 1959 non
1520 1917 1607 1958 sint
1636 1922 1777 1972 partes

193 1999 337 2052 totius,
371 2013 421 2039 ex
451 1997 602 2052 quibus
635 1996 815 2036 constat.
875 1992 1073 2033 uidentur
1112 1992 1252 2031 autem
1284 1987 1386 2028 mihi
1418 1986 1489 2040 qui
1517 1986 1621 2026 haec
1653 2000 1781 2039 opera

195 2067 391 2108 dixerunt
422 2080 469 2106 eo
500 2079 664 2119 quoque
695 2062 820 2115 moti,
863 2060 974 2115 quod
1012 2060 1057 2100 in
1089 2058 1172 2098 alia
1202 2070 1345 2097 rursus
1376 2054 1582 2094 diuisione
1613 2053 1811 2094 nollent*

194 2136 240 2176 in
270 2134 381 2175 idem
411 2148 568 2174 nomen
605 2131 810 2172 incidere:
852 2130 995 2183 partes
1036 2127 1149 2167 enim
1187 2123 1415 2165 rhetorices
1456 2136 1544 2162 esse
1583 2120 1780 2162 dicebant

146 2202 544 2254 3olaudatiuam,
585 2196 1014 2248 deliberatiuam,
1056 2192 1378 2234 iudicialem.
1439 2204 1543 2243 quae
1576 2189 1608 2228 si
1641 2191 1782 2242 partes

197 2272 315 2322 sunt,
356 2269 556 2309 materiae
588 2269 688 2308 sunt
717 2265 857 2320 potius
888 2278 1014 2317 quam
1046 2262 1163 2302 artis.
1223 2272 1404 2312 namque
1435 2258 1479 2297 in
1510 2255 1575 2295 his
1606 2256 1784 2309 singulis
1802 2257 1852 2295 15

196 2337 405 2378 rhetorice
435 2338 525 2376 tota
557 2337 640 2387 est,
680 2333 778 2388 quia
817 2334 858 2372 et
887 2330 1180 2371 inuentionem
1212 2329 1253 2367 et
1283 2324 1599 2379 dispositionem
1631 2325 1672 2363 et
1704 2323 1784 2364 elo-

200 2404 413 2445 cutionem
452 2405 493 2442 et
530 2401 776 2442 memoriam
815 2401 857 2439 et
893 2396 1285 2452 pronuntiationem
1323 2405 1608 2447 quaecumque
1640 2404 1785 2430 earum

200 2471 422 2512 desiderat.
482 2470 625 2522 itaque
657 2467 828 2522 quidam
866 2479 1064 2521 genera
1103 2464 1185 2504 tria
1216 2461 1447 2502 rhetorices
1479 2458 1615 2499 dicere
1655 2457 1784 2497 malu-

295 2645 313 2674 2
341 2647 414 2673 tres
439 2642 468 2672 A
560 2643 579 2672 3
608 2638 826 2671 elocutionis
853 2640 937 2669 sunt
960 2639 1003 2668 al.
1098 2638 1117 2668 S
1143 2636 1289 2666 inuenta
1314 2632 1343 2662 A
1436 2633 1474 2661 11
1502 2629 1729 2661 collocataA

209 2692 247 2720 13
275 2691 398 2729 partes
424 2688 511 2720 Abg
630 2688 668 2716 15
694 2684 939 2724 relinquemus
964 2683 1001 2722 B,
1029 2686 1060 2712 ut
1087 2682 1171 2712 coni.
1200 2679 1335 2719 Hessius:
1371 2675 1607 2716 relinquimus
1633 2675 1702 2713 Ab,
1729 2675 1791 2705 sed

205 2734 234 2764 A
262 2734 404 2773 quimus
429 2744 468 2763 712.
484 2734 504 2762 2
531 2733 563 2762 in
588 2740 657 2762 ras,
781 2728 987 2759 rhetoricae
1013 2728 1037 2756 T
1063 2737 1152 2757 corr,
1180 2723 1380 2754 rhetorices
1407 2721 1572 2761 Spalding]
1597 2730 1665 2751 eum
1693 2718 1789 2750 Goth.

208 2784 241 2809 el
273 2779 370 2810 Voss.
399 2780 419 2808 2
559 2778 598 2806 10
624 2774 779 2806 scientia
805 2772 843 2813 (a
868 2783 914 2804 ex
937 2772 1042 2811 corr.)
1068 2772 1097 2802 A
1250 2769 1289 2798 15
1316 2767 1466 2797 oratoris
1494 2765 1523 2795 A
1674 2765 1717 2795 ‘20
1744 2764 1792 2795 ei-

214 2823 292 2855 dem
318 2822 359 2853 A¹
387 2822 434 2862 (2²)
575 2821 752 2852 atheneus
778 2820 816 2857 A,
846 2821 1023 2848 atenaeus
1048 2817 1073 2846 B
1173 2813 1285 2844 tradit
1309 2812 1449 2843 malebat
1476 2810 1642 2850 Spalding)
1748 2810 1789 2839 21

209 2877 359 2900 (Toixm
385 2869 414 2898 A
528 2868 569 2897 522
598 2864 761 2905 alioquin
785 2865 806 2894 b
927 2862 1053 2892 humor
1077 2860 1105 2889 A
1245 2859 1286 2888 23
1312 2860 1435 2888 rectae
1460 2856 1498 2887 Bi
1615 2855 1657 2885 25
1682 2854 1794 2894 igitur

210 2917 295 2944 sunt
318 2914 339 2944 b
448 2922 530 2942 nam
559 2921 635 2942 cum
664 2911 692 2940 A
716 2910 748 2940 in
774 2919 844 2939 ras.
937 2907 979 2937 ‘26
1005 2908 1045 2935 ut
1069 2914 1144 2935 cum
1171 2904 1244 2934 Ab:
1272 2905 1310 2933 nt
1335 2903 1360 2932 B
1459 2902 1500 2933 32
1527 2902 1563 2931 ct
1588 2899 1793 2940 dispositio-

208 2968 286 2989 nem
314 2969 374 2990 0111.
402 2958 431 2987 A
