1939 3228
154 876 200 907 ιοῖ,

155 1218 184 1244 15

152 1560 185 1584 20

830 139 892 169 ix.
936 136 970 181 2,
994 133 1169 165 mmm.
1721 119 1800 160 135

201 246 381 300 etiam,
415 243 457 285 si
488 242 608 298 quid
641 242 702 283 ab
734 255 789 282 eo
812 239 1119 293 abstulisti,
1154 237 1314 279 etabs
1345 238 1396 278 te
1428 236 1567 278 nihil
1598 239 1800 282 rectius

202 315 401 356 factum
433 326 544 353 esse
576 310 705 351 dieo.
767 308 940 350 interim
979 296 1184 362 augenius
1217 305 1416 359 crimina,
1458 320 1565 360 quae
1598 320 1647 347 ex
1677 307 1798 351 facili
1813 309 1867 353 53

200 385 275 424 aut
304 377 464 423 diluere
495 379 705 434 possimus
737 379 811 418 aut
841 390 1015 431 negare,
1049 375 1159 429 quod
1190 376 1254 415 est
1283 373 1563 428 frequentius,
1596 389 1722 429 quam
1753 381 1802 419 ut

202 450 441 505 exemplum
482 447 706 489 desideret.
767 444 942 486 interim
983 443 1062 484 hoc
1100 443 1194 497 ipso
1232 442 1358 483 fidem
1399 441 1660 484 detrahimus
1699 444 1799 500 illis,

200 519 310 575 quod
342 518 430 559 sint
459 519 547 558 tam
578 514 742 571 grauia,
776 515 824 554 ut
855 512 1002 555 Cicero
1032 525 1109 566 pro
1141 510 1317 563 Roscio,
1360 524 1454 551 eum
1485 509 1800 554 immanitatem

200 586 418 643 parricidii
450 598 704 640 quamquam
735 596 811 637 per
841 596 885 623 se
916 579 1203 633 manifestam,
1237 580 1382 619 tamen
1414 578 1544 620 etiam
1574 579 1617 620 ui
1647 581 1801 623 oratio-

206 656 273 697 nis
306 655 553 709 exaggerat.

314 723 640 775 Ἀποεῑώπηειε,
694 734 822 774 quam
867 718 979 759 idem
1033 715 1180 758 Cicero
1230 713 1598 769 reticentiam,
1650 715 1796 758 Celsus
1810 720 1866 762 54

201 790 574 844 obtieentiam,
612 787 811 830 nonnulli
850 783 1307 838 interruptionem
1346 781 1586 837 appellant,
1629 785 1671 824 et
1708 785 1802 839 ipsa

203 859 389 902 ostendit
420 858 580 913 aliquid
612 857 803 898 adfectus
836 855 904 896 uel
935 855 1034 907 irae,
1069 854 1135 893 ut:

242 943 369 985 quos
401 942 570 982 ego——
592 925 679 967 sed
710 926 877 966 motos
908 922 1152 977 praestat
1184 933 1498 973 componere
1529 919 1753 975 fluetus,

204 997 272 1039 uel
315 994 612 1038 sollicitudinis
658 995 699 1035 et
734 992 849 1048 quasi
897 990 1139 1046 religionis:
1192 1003 1255 1028 an
1299 988 1452 1028 huius
1496 987 1591 1029 ille
1636 989 1799 1044 legis,

204 1080 350 1122 quam
397 1063 611 1106 Clodius
658 1077 681 1102 a
727 1076 778 1102 se
824 1061 1098 1101 inuentam
1144 1056 1436 1112 gloriatur,
1480 1057 1803 1098 mentionem

204 1136 382 1175 faeere
415 1146 569 1173 ausus
610 1131 750 1171 esset
788 1130 908 1171 uiuo
939 1127 1158 1179 Milone,
1200 1139 1302 1165 non
1341 1124 1513 1165 dicam
1555 1125 1804 1167 eonsule‘.>

204 1203 260 1243 de
299 1203 537 1243 nostrum
576 1198 802 1240 omnium
841 1223 894 1226 —-
932 1210 1035 1236 non
1075 1194 1237 1235 audeo
1274 1194 1442 1233 totum
1488 1192 1684 1234 dicere:
1737 1194 1803 1235 cui

203 1271 339 1312 simile
371 1271 435 1311 est
464 1269 509 1309 in
550 1266 765 1322 prooemio
803 1280 879 1320 pro
918 1263 1196 1317 Ctesiphonte
1234 1259 1549 1302 Demosthenis.
1612 1261 1679 1302 uel
1719 1261 1801 1303 alio
1815 1265 1870 1307 55

204 1337 453 1380 transeundi
485 1335 647 1392 gratia:
681 1333 953 1377 Cominius
987 1334 1159 1373 autem
1191 1356 1245 1360 ——
1277 1329 1496 1370 tametsi
1531 1329 1804 1384 ignoscite

204 1407 352 1460 mihi,
386 1405 602 1447 iudices.
664 1403 709 1444 in
749 1417 830 1457 quo
869 1403 932 1442 est
971 1402 1013 1441 et
1051 1399 1147 1453 illa,
1189 1398 1222 1439 si
1262 1400 1407 1438 tamen
1442 1397 1554 1438 inter
1585 1397 1805 1439 schemata

204 1475 417 1517 numerari
449 1473 587 1526 debet,
622 1486 717 1513 cum
749 1470 844 1512 aliis
876 1469 1005 1510 etiam
1037 1482 1135 1522 pars
1169 1481 1319 1508 causae
1350 1466 1566 1520 uideatur,
1601 1465 1649 1507 di
1660 1481 1805 1521 gres-

206 1544 300 1585 sio:
341 1543 431 1584 abit
462 1541 576 1582 enim
608 1553 734 1581 eausa
766 1539 810 1579 in
842 1537 987 1578 laudes
1021 1536 1098 1578 Cn.
1131 1535 1320 1589 Pompei.
1380 1534 1507 1589 idque
1546 1533 1637 1575 fieri
1676 1534 1805 1576 etiam

205 1612 297 1654 sine
329 1611 617 1662 ἀποειωπήεει
647 1607 800 1663 potuit.
861 1620 963 1647 nam
995 1604 1164 1646 breuior
1193 1603 1288 1657 illa,
1328 1604 1376 1644 ut
1406 1602 1466 1643 ait
1497 1602 1664 1657 Cicero,
1705 1617 1729 1644 a
1760 1618 1805 1644 re
1818 1607 1872 1649 56

206 1680 413 1735 digressio
444 1677 638 1734 plurimis
670 1677 719 1717 fit
748 1675 897 1717 modis.
941 1673 1012 1715 sed
1043 1673 1147 1714 haee
1181 1670 1362 1726 exempli
1394 1670 1536 1726 gratia
1568 1670 1804 1713 sufficient:

204 1751 310 1790 tum
342 1747 386 1790 O.
419 1746 680 1799 Varenus,
714 1745 757 1785 is
789 1744 874 1798 qui
907 1758 931 1784 a
969 1741 1179 1782 familia
1214 1739 1561 1781 Anchariana
1593 1739 1804 1781 occisus

206 1818 304 1858 est:
344 1840 397 1844 -Ἀ
429 1814 524 1856 1100
563 1827 775 1869 quaeso,
815 1811 1044 1863 iudices,
1085 1809 1384 1864 diligenter
1425 1808 1723 1859 adtendite,
1763 1810 1806 1849 et

154 1901 186 1925 25
205 1900 281 1940 pro
312 1884 493 1925 Milone:
534 1884 583 1924 et
622 1881 834 1936 aspexit
872 1894 946 1920 me
978 1878 1091 1919 illis
1131 1877 1338 1933 quidem
1377 1875 1568 1930 oeulis,
1610 1875 1804 1931 quibus

204 1956 309 1995 tum
341 1952 570 2006 solebat,
605 1965 714 1992 eum
759 1948 999 1990 omnibus
1038 1946 1213 1987 omnia
1245 1944 1562 1986 minabatur.
1625 1946 1689 1986 est
1720 1944 1870 1991 aliaffl

206 2036 292 2063 non
322 2020 492 2076 quidem
523 2018 761 2071 reticentia,
793 2032 899 2072 quae
931 2016 987 2057 sit
1017 2014 1243 2069 inperfecti
1284 2013 1513 2066 sermonis,
1555 2013 1628 2054 sed
1659 2014 1805 2054 tamen

206 2090 398 2145 praecisa
444 2088 561 2129 uelut
600 2089 700 2129 ante
738 2085 979 2141 legitimum
1017 2083 1146 2124 finem
1184 2082 1342 2135 oratio,
1385 2083 1431 2122 ut
1472 2080 1596 2122 illud:
1647 2080 1804 2142 nimis

297 2208 328 2237 8.
357 2205 404 2237 ef.
430 2214 538 2246 supra
564 2206 596 2242 9,
626 2205 654 2242 1,
682 2204 735 2234 31.
836 2202 885 2232 11.
913 2201 1003 2231 Aen.
1031 2202 1061 2239 1,
1092 2200 1165 2231 135.
1276 2200 1327 2231 12.
1353 2207 1448 2228 nunc
1475 2197 1610 2238 legitur
1635 2196 1736 2229 loeus
1762 2208 1805 2228 ex

208 2252 275 2283 hoc
303 2251 494 2292 suppletus
520 2261 552 2291 p.
579 2248 656 2281 Mil.
685 2250 736 2287 12,
763 2250 816 2279 33.
913 2247 964 2278 17.
994 2255 1037 2275 ex
1063 2255 1111 2275 or.
1138 2255 1172 2285 p.
1201 2243 1381 2275 Cornelio.
1479 2244 1532 2274 21.
1561 2242 1609 2277 ef,
1635 2244 1666 2283 9,
1696 2244 1724 2283 1,
1750 2244 1803 2275 28.

298 2299 350 2329 23.
380 2307 422 2327 ex
449 2296 528 2327 Uie.
555 2304 603 2325 or.
633 2305 665 2335 p,
692 2293 848 2326 Vareno,
942 2292 996 2322 25.
1025 2301 1054 2321 0.
1083 2291 1135 2330 12,
1163 2292 1216 2321 33.
1304 2290 1356 2321 28.
1386 2300 1417 2330 p.
1446 2288 1524 2330 Lig.
1552 2290 1584 2329 3,
1613 2290 1643 2319 9.

209 2411 255 2431 an
280 2399 386 2430 huius
412 2397 475 2429 ille
503 2396 596 2437 legis
623 2400 749 2437 quam¹¹
778 2393 929 2426 cloelius
957 2403 976 2423 a
1004 2402 1041 2424 se
1067 2396 1129 2423 ele.
1157 2391 1232 2422 ltine
1257 2392 1288 2422 in
1306 2391 1366 2421 FT
1386 2391 1469 2422 lzccec
1495 2390 1597 2422 uerba
1623 2391 1712 2421 inter·
1731 2390 1803 2422 elo-

210 2445 287 2476 dius
313 2450 345 2475 el
373 2454 394 2474 a
412 2453 450 2474 se
471 2442 504 2483 (ξ
524 2442 583 2481 54)
610 2442 777 2473 inculcata
802 2445 896 2475 siml,-
921 2440 956 2469 M
975 2439 1088 2469 eadem
1109 2442 1249 2479 utroque
1274 2438 1347 2468 loeo
1374 2436 1473 2468 habet
1546 2437 1560 2466 1
1589 2435 1720 2476 siquid
1740 2435 1804 2467 ha-

210 2492 276 2521 heo
305 2490 339 2529 gh
367 2490 482 2527 erasa)
508 2488 537 2517 A
608 2490 626 2517 2
655 2496 830 2527 augemus
855 2485 972 2516 AMb:
1001 2483 1202 2526 gaudemus
1228 2482 1253 2512 B
1325 2482 1478 2513 erimina
1505 2478 1611 2523 quae]
1634 2481 1720 2522 criq.
1739 2482 1759 2511 b

209 2540 226 2567 53
254 2544 442 2577 possumus
467 2534 502 2563 Μ
528 2538 559 2564 el
586 2534 668 2566 dett.
741 2533 760 2563 5
788 2531 906 2562 eieero
932 2541 995 2571 pro
1022 2529 1140 2560 roseio
1159 2529 1204 2559 A:
1233 2539 1296 2569 pro
1316 2530 1435 2559 roseio
1456 2528 1576 2558 eieero
1595 2527 1668 2558 rell.
1689 2531 1721 2557 el
1739 2534 1759 2561 ς

209 2584 227 2611 (3
255 2579 443 2623 patricidii
468 2580 503 2608 M
597 2578 751 2609 oratoris
775 2577 804 2607 A
898 2577 916 2608 7
945 2578 1119 2617 exagerat
1144 2574 1194 2604 En
1220 2578 1251 2605 el
1277 2572 1317 2604 A¹
1414 2575 1433 2605 S
1462 2581 1701 2605 enocioneclc
1725 2572 1754 2602 A

209 2630 228 2659 9
254 2627 325 2668 ipsi
349 2626 418 2659 Ab.
447 2625 524 2665 ipse
551 2624 615 2654 Ma
710 2624 749 2654 10
777 2621 916 2663 aliquid
943 2621 1112 2652 adfectus
1137 2620 1182 2650 A:
1213 2618 1414 2651 adeffectus
1440 2619 1477 2659 B,
1506 2618 1661 2650 affectus
1687 2618 1722 2647 M

211 2675 249 2704 11
279 2676 395 2703 motus
421 2669 492 2700 A¹b
612 2670 651 2699 12
677 2668 780 2709 leges
804 2667 867 2697 Mb
976 2667 1014 2698 13
1042 2665 1194 2697 cloelius
1220 2665 1283 2704 Bg,
1312 2675 1417 2706 quam
1446 2675 1477 2705 p.
1503 2664 1647 2695 rutilius
1672 2663 1700 2692 A
1727 2664 1745 2693 2
1764 2674 1804 2693 m.

210 2720 241 2749 ῖιι
269 2728 337 2749 ras.
434 2717 475 2746 14
501 2726 571 2746 11011
597 2714 715 2745 dicam
733 2713 856 2743 ABM:
883 2722 926 2743 ne
955 2711 1076 2743 dicam
1102 2713 1144 2742 al.
1244 2712 1283 2741 15
1310 2715 1470 2741 nostrum
1487 2711 1575 2743 BM:
1602 2712 1805 2740 nostrorum

210 2765 238 2794 A
270 2769 301 2795 (ἰ
333 2763 444 2794 codem
470 2761 580 2792 Scswl.
609 2759 693 2791 mh.
719 2760 765 2790 ml
795 2769 844 2791 or.
879 2759 919 2789 de
952 2768 1033 2788 {cere
1066 2759 1175 2788 alieno
1210 2756 1282 2786 Jlil.
1315 2767 1348 2796 J).
1378 2757 1445 2786 346
1471 2757 1523 2786 ed.
1552 2755 1608 2786 Or.
1642 2756 1804 2784 nostrum

211 2810 306 2841 enim
332 2808 408 2839 edd.
506 2807 545 2837 16
571 2804 825 2845 ethesiphonte
844 2804 906 2842 Bn,
933 2803 1138 2844 tesiphonte
1156 2799 1211 2839 A¹,
1241 2800 1473 2841 thesiphonte
1492 2801 1586 2840 BgM
1680 2799 1720 2830 17
1747 2809 1804 2831 eo-

212 2855 342 2885 nmnins
367 2856 475 2883 autem
501 2852 618 2883 tamese·
640 2851 802 2891 issnoscz'le
827 2848 914 2879 mihi
938 2849 967 2878 A
1062 2850 1101 2879 19
1128 2846 1311 2878 munerari
1329 2846 1354 2875 B
1470 2847 1512 2877 20
1545 2855 1658 2876 eausa
1675 2844 1717 2874 B:
1745 2854 1805 2875 au-

213 2903 319 2940 gusta
344 2898 444 2928 AMb
516 2897 601 2938 gnei
626 2897 726 2926 AMb
797 2896 839 2925 22
865 2894 1056 2934 degressio
1081 2894 1106 2923 B
1200 2891 1389 2922 sufficient
1413 2890 1457 2922 [ιῖ
1483 2902 1526 2923 ,0.
1552 2891 1592 2930 A,
1619 2889 1803 2921 sufficien-

213 2946 291 2976 tium
320 2955 363 2975 .c.
388 2944 420 2982 b,
448 2942 649 2973 sufficienti
677 2943 740 2972 aut
765 2943 804 2971 ut
831 2938 880 2971 .C.
907 2940 941 2968 M
1063 2940 1105 2970 23
1132 2946 1307 2968 uarenum
1333 2937 1390 2968 his
1415 2937 1458 2977 (is
1484 2938 1593 2975 corr.)
1617 2935 1646 2966 A
1762 2936 1804 2966 25

212 3001 268 3021 1110
295 2992 368 3020 tum
394 2987 470 3019 illis
494 2988 592 3018 AMb
