1939 3180
200 60 282 102 258
722 43 1015 108 QUINTILIANI
1046 69 1166 100 INST.
1201 66 1278 100 oR.
1325 60 1329 61 ⁷

199 175 345 215 tamen
377 173 537 227 Aesopi
567 172 751 213 maxime
785 171 1068 226 celebrantur,
1101 172 1252 214 ducere
1285 172 1450 214 animos
1480 173 1620 214 solent
1640 172 1801 227 praeci-

198 256 280 296 pue
318 241 574 283 rusticorum
614 243 656 282 et
692 240 1009 296 imperitorum,
1058 240 1130 295 qui
1177 242 1220 282 et
1261 240 1495 295 simplicius
1549 255 1656 296 quae
1702 240 1802 282 ficta

199 312 299 351 sunt
339 309 539 364 audiunt,
588 311 629 350 et
662 308 776 363 capti
807 308 1028 363 uoluptate
1058 308 1184 355 facile
1214 308 1288 363 iis,
1316 309 1480 363 ,quibus
1518 309 1800 363 delectantur,

200 378 497 420 consentiunt:
536 377 572 418 si
609 377 778 432 quidem
819 379 862 418 et
900 376 1361 431 Menenius'Agrippa
1397 376 1567 431 plebem
1606 391 1700 418 cum
1730 392 1802 431 pa-

198 446 334 488 tribus
373 447 417 487 in
458 446 643 501 gratiam
680 445 866 486 traditur
903 445 1118 486 reduxisse
1157 447 1261 486 nota
1299 444 1374 485 illa
1416 444 1466 485 de
1497 444 1697 486 membris
1728 444 1837 485 hii-5

130 516 186 558 20
199 514 337 556 manis
369 515 571 556 aduersus
608 508 804 554 uenfirem
845 513 1186 554 discordantibus
1216 511 1377 554 fabula.
1440 515 1482 553 et
1512 511 1716 554 Horatius
1747 527 1802 553 ne

199 583 245 624 in
276 585 472 638 poemate
504 582 673 637 quidem
703 581 907 622 humilem
938 574 1264 636 generishuius
1296 595 1420 622 usum
1450 580 1619 634 putauit
1650 580 1697 621 in
1717 580 1804 621 illis

196 651 410 693 uersibus:

430 719 562 775 quod
593 718 731 760 dixit
761 717 947 772 uulpes
981 719 1198 772 aegroto
1231 719 1385 758 cauta
1417 716 1570 758 leoni.

198 789 325 832 αἶνον
358 787 511 830 Graeci
542 789 701 829 uocant
732 788 773 828 et
805 787 1078 840 αἰεωπείουε,
1110 788 1157 827 ut
1189 786 1296 840 dixi,
1330 787 1487 837 λόγου(
1519 787 1560 827 et
1590 786 1801 841 λιβυκούε,
1823 799 1853 823 10

197 859 441 899 nostrorum
472 855 665 911 quidam,
699 870 786 896 non
818 869 921 896 sane
952 856 1124 909 recepto
1155 854 1201 895 in
1231 869 1355 895 usum
1385 854 1579 908 nomine,
1621 853 1802 908 apolo-

130 926 481 981 21gationem.
544 915 611 966 cui
651 924 817 965 confine
857 930 922 964 est
960 923 1185 975 παροιμία(
1231 937 1367 977 genus
1412 922 1540 976 illud,
1588 922 1698 976 quod
1740 924 1804 962 est

204 994 318 1035 uelut
347 993 507 1034 fabella
538 992 708 1034 breuior
730 994 772 1033 et
792 1006 869 1046 per
891 990 1127 1046 allegorian
1151 990 1381 1044 accipitur:
1413 1004 1518 1031 non
1549 992 1801 1045 nostrum,

199 1062 400 1117 inquit,
433 1076 585 1103 onus:
617 1061 710 1101 bos
744 1059 998 1101 clitellas.

130 1134 185 1176 22
312 1130 534 1172 Proximas
574 1129 766 1183 exemplo
804 1128 916 1169 uires
953 1128 1085 1169 habet
1129 1126 1446 1180 similitudo,
1494 1126 1804 1181 praecipueque
1823 1140 1855 1164 15

198 1199 294 1253 illa,
337 1213 443 1254 quae
485 1198 653 1239 ducitur
692 1198 799 1238 eitra
838 1197 968 1238 ullam
1008 1195 1289 1238 tralationum
1327 1195 1556 1236 mixturam
1589 1210 1638 1236 ex
1678 1195 1803 1236 rebus

199 1282 335 1323 paene
356 1267 553 1322 paribus:
585 1268 639 1307 ut
669 1266 755 1321 qui
788 1265 1031 1319 accipere
1062 1265 1116 1306 in
1149 1278 1327 1318 campo
1360 1265 1704 1317 consuerunt,
1738 1263 1804 1304 iis

201 1335 532 1389 candidatis,
574 1348 790 1390 quorum
822 1348 1054 1375 nummos
1094 1346 1413 1387 suppressos
1445 1346 1559 1373 esse
1590 1334 1801 1386 putant,

199 1403 567 1445 inimicissimi
599 1403 776 1444 solent
807 1416 940 1443 esse:
973 1402 1048 1443 sic
1080 1401 1190 1442 eius
1221 1400 1355 1440 modi
1387 1399 1590 1441 iudices
1612 1399 1804 1441 infesti

131 1474 305 1520 {23tum
336 1487 423 1513 reo
454 1473 728 1513 uenerant.
790 1485 891 1512 nam
922 1471 1170 1523 παραβολή,
1202 1483 1329 1523 quam
1361 1468 1508 1510 Cicero
1542 1468 1856 1509 conlatio-20

200 1556 313 1583 nem
344 1542 481 1595 uocat,
513 1540 685 1595 longius
716 1554 782 1580 res
813 1553 920 1593 quae
952 1539 1253 1592 comparentur
1273 1539 1464 1591 repetere
1486 1535 1606 1578 solet.
1667 1551 1804 1591 neque

200 1611 421 1652 hominum
452 1609 575 1650 modo
606 1609 718 1649 inter
749 1622 792 1649 se
824 1622 952 1662 opera
983 1605 1139 1648 similia
1171 1607 1439 1660 spectantur,
1472 1606 1519 1645 ut
1551 1604 1696 1646 Cicero
1728 1619 1803 1659 pro

200 1678 381 1720 Murena
421 1677 548 1719 facit:
595 1676 779 1732 quodsi
821 1690 841 1717 e
882 1677 1039 1730 portu
1080 1673 1437 1727 soluentibus,
1487 1673 1572 1728 qui
1613 1673 1711 1713 iam
1752 1673 1803 1714 in

200 1749 411 1802 portum
445 1761 502 1787 ex
534 1746 643 1787 alto
676 1743 1025 1797 inuehuntur,
1059 1742 1371 1798 praecipere
1402 1755 1596 1782 summo
1627 1741 1803 1782 studio

201 1816 380 1857 solent
411 1817 459 1856 et
489 1814 873 1868 tempestatum
904 1811 1171 1852 rationem
1210 1812 1259 1851 et
1288 1809 1619 1863 praedonum
1651 1812 1699 1850 et
1730 1809 1855 1850 lo-25

203 1899 397 1937 corum,
439 1883 572 1937 quod
603 1883 793 1923 natura
823 1880 953 1934 fert,
994 1882 1048 1920 ut
1078 1879 1145 1920 iis
1176 1878 1469 1931 faueamus,
1511 1877 1597 1932 qui
1629 1878 1804 1919 eadem

201 1951 465 2007 pericula,
507 1950 693 2005 quibus
725 1964 816 1990 nos
848 1947 1127 2003 perfuncti
1166 1960 1358 2000 sumus,
1400 1946 1802 2000 ingrediantur:

293 2059 326 2089 9.
352 2057 472 2099 Epist,
491 2057 520 2095 I,
550 2057 580 2097 1,
609 2057 661 2087 73.
758 2056 810 2086 13.
838 2053 885 2085 cf.
906 2052 983 2085 Cic.
1011 2051 1057 2084 ad
1074 2052 1148 2085 Att.
1171 2054 1202 2092 ὃ,
1224 2053 1275 2092 15,
1295 2053 1326 2085 3.
1424 2052 1476 2085 17.
1506 2049 1581 2084 Cic.
1601 2062 1635 2093 p.
1657 2050 1804 2083 Cluent.

201 2104 256 2143 27,
284 2105 337 2135 75.
432 2104 487 2135 20.
514 2100 557 2132 de
582 2101 662 2134 Inu.
690 2101 718 2141 Ι,
746 2102 798 2132 30.
893 2100 947 2130 ⁴22.
976 2110 1005 2130 e.
1034 2100 1066 2139 2,
1092 2099 1124 2129 4.
1518 2116 1525 2120 -

294 2196 313 2225 2
341 2193 428 2225 fieta
452 2194 526 2224 Ab:
556 2192 657 2223 facta
682 2192 708 2222 B
802 2192 821 2222 3
849 2190 1001 2221 audiunt
1025 2189 1054 2220 A
1079 2190 1112 2220 in
1138 2199 1207 2223 ras.
1303 2187 1407 2218 facile
1432 2187 1485 2218 lzis
1511 2187 1540 2217 A
1634 2187 1655 2218 4
1680 2197 1801 2218 men*-

205 2241 286 2272 nius
312 2240 341 2270 A
437 2249 515 2271 eum
543 2249 586 2269 ex
611 2237 777 2279 patribus
803 2237 831 2267 A
940 2237 959 2267 5
984 2235 1173 2267 reduxisse
1198 2234 1228 2264 A
1332 2234 1352 2264 9
1378 2231 1470 2264 dixit
1496 2232 1624 2274 uulpes
1651 2234 1802 2273 aegroto

205 2290 316 2318 cauta
341 2286 416 2318 Ab:
446 2285 537 2315 dixit
565 2287 715 2324 aegroto
743 2285 844 2312 eatta
868 2282 894 2312 B
1012 2282 1053 2312 10
1080 2290 1194 2312 ΔΙΝΟΝ
1221 2280 1259 2319 B,
1287 2286 1399 2310 MITOC
1423 2278 1452 2309 A
1478 2280 1555 2310 2212.
1583 2279 1615 2309 in
1641 2288 1711 2310 ras,

204 2341 424 2364 A1como‘ra1
451 2331 489 2370 B,
517 2329 683 2370 aesopius
710 2325 782 2370 (es-
807 2328 843 2367 b)
871 2328 940 2366 Ab,
969 2327 1138 2368 aesopias
1163 2336 1184 2357 a
1323 2333 1433 2356 ΑΟΓΟΕ
1456 2324 1501 2363 A,
1530 2332 1662 2355 moron:
1687 2323 1712 2353 B

206 2385 391 2409 aIBYKOYC
417 2377 454 2417 B,
482 2383 642 2406 AYssKoic
667 2375 708 2414 A,
738 2381 912 2404 Arixluoic
939 2382 960 2403 a
1092 2374 1130 2403 11
1159 2369 1301 2412 quidem
1327 2369 1357 2400 A
1473 2369 1689 2411 adagionem
1715 2369 1800 2399 conf.

204 2424 250 2454 ll.
279 2424 379 2455 Nolle
405 2424 437 2453 in
462 2422 583 2453 Plzilol.
602 2422 658 2460 21,
680 2421 746 2450 307
854 2420 893 2449 12
919 2418 974 2449 eui
998 2418 1136 2449 confine
1162 2418 1191 2448 A
1286 2425 1472 2447 rraromm
1499 2415 1538 2454 A,
1565 2424 1750 2446 uai‘onmi
1777 2414 1802 2444 B

299 2471 338 2499 13
369 2467 510 2499 fauella
535 2467 587 2506 Bg
613 2469 685 2496 Im.
784 2466 823 2495 14
851 2464 887 2494 in
915 2463 1006 2504 quod
1034 2473 1123 2494 onus
1141 2464 1181 2502 A,
1209 2463 1246 2493 in
1273 2472 1340 2503 quo
1367 2461 1492 2493 domus
1518 2461 1538 2491 b
1634 2457 1713 2500 bos]
1739 2469 1802 2490 uos

206 2515 267 2545 AB
388 2515 426 2545 15
454 2512 620 2553 exemplo
646 2511 787 2551 Regius:
814 2508 972 2550 exempli
998 2509 1084 2544 libri,
1112 2507 1287 2548 exemplis
1315 2507 1482 2548 ›Spalclz’ny
1587 2505 1800 2546 praecipue-

209 2570 275 2600 que
301 2560 343 2590 B:
373 2560 572 2600 praecipue
598 2557 684 2590 Abg
792 2556 832 2586 16
860 2565 930 2595 qua
956 2555 981 2585 B
1076 2553 1179 2585 illam
1203 2552 1260 2584 Ab
1354 2551 1636 2583 translationum
1662 2551 1711 2583 bg

207 2605 400 2635 mixturam
428 2605 494 2635 ab:
522 2603 682 2634 mixtura
706 2601 768 2632 AB
864 2603 900 2630 et
926 2600 1031 2631 rebus
1056 2600 1085 2629 A
1185 2601 1224 2630 17
1252 2599 1298 2629 iis
1324 2598 1398 2628 Ab:
1426 2608 1487 2628 om.
1513 2596 1539 2626 B
1648 2596 1688 2626 18
1715 2604 1803 2634 gau—

208 2651 337 2681 ditatis
362 2654 391 2680 A
530 2650 572 2680 20
598 2650 779 2679 uenerant
803 2646 848 2676 A:
876 2656 935 2676 om.
962 2645 1007 2684 B,
1039 2646 1101 2676 secl
1125 2645 1173 2675 Bn
1198 2645 1310 2685 spatio
1334 2652 1439 2673 Haemo
1464 2643 1602 2676 relicto:
1631 2642 1742 2681 suppl.
1770 2641 1802 2671 ιή

206 2707 310 2736 mars).
338 2696 387 2725 Bn
413 2698 617 2726 nueuerant
643 2693 734 2733 (sie),
761 2693 793 2723 z'n
819 2702 921 2730 murs).
941 2691 993 2730 Bg
1020 2692 1218 2721 uenerante
1246 2688 1439 2731 (uenerunt
1464 2687 1540 2718 edd.
1568 2696 1656 2718 rece.
1683 2696 1802 2716 errore

207 2752 398 2782 operarum,
427 2745 462 2771 nl
486 2740 634 2777 uidebar)
729 2736 903 2779 parabole
929 2737 969 2775 A,
995 2735 1168 2780 parabole
1192 2735 1217 2765 B
1312 2732 1517 2764 conlatione
1535 2730 1577 2761 A¹
1672 2732 1711 2761 21
1740 2740 1802 2771 pa-

207 2790 333 2817 rentur
356 2785 431 2826 AB,
458 2797 517 2817 em.
545 2785 669 2825 Hessius
785 2782 880 2814 solet
907 2782 1000 2812 enim
1028 2791 1095 2812 nee
1121 2781 1150 2810 A
1265 2780 1306 2810 22
1332 2781 1523 2819 spetantur
1546 2777 1576 2806 A
1691 2777 1733 2808 23
1760 2786 1803 2806 e*

208 2838 313 2871 portu
332 2832 360 2862 A
453 2831 488 2861 in
517 2834 621 2871 portu
639 2831 668 2860 A
762 2830 803 2859 24
829 2837 1046 2868 praecipere
1064 2827 1101 2866 B,
1129 2830 1162 2855 ιιί
1182 2825 1353 2856 Ciceronis
1378 2823 1471 2854 libri:
1500 2821 1712 2863 praedicere
1730 2821 1800 2861 Ab,

207 2878 269 2907 sed
292 2876 320 2906 A
346 2876 402 2906 (lie
430 2878 461 2907 in
488 2888 557 2909 ras,
583 2887 622 2906 m.
640 2879 657 2906 2
752 2875 794 2905 :35
821 2872 1041 2914 praedonum
1069 2871 1104 2911 (11
1131 2872 1162 2901 ιή
1188 2867 1274 2910 wax.)
1292 2869 1335 2899 A,
1413 2869 1454 2899 26
1482 2868 1712 2908 t'‹>1·tl2'e91·n.s·:
1739 2865 1801 2897 ad-

211 2922 282 2952 sert
306 2922 384 2952 libri
411 2922 544 2960 Quinlll.
571 2927 604 2952 et
632 2921 803 2951 viver-nnis
897 2918 925 2948 is
951 2918 992 2956 A,
1020 2916 1074 2947 liis
1101 2916 1155 2946 Ba
1248 2916 1289 2947 27
1316 2913 1494 2955 perfrueli
1520 2914 1548 2943 A
1642 2912 1752 2943 simus
1775 2911 1801 2941 B
