1939 3228
787 129 850 159 111.
890 126 925 171 4,
949 125 1122 156 79—88.
1673 110 1749 152 187

159 237 336 292 ideoque
368 236 413 277 in
444 233 592 276 metris
622 246 769 275 omnes
800 232 950 273 breues
971 243 1200 284 omnesque
1232 228 1387 282 longae
1418 226 1531 267 inter
1562 239 1605 266 se
1635 225 1753 278 ipsae

161 306 249 346 sint
286 318 432 358 pares,
471 302 605 343 lateat
640 302 786 342 tamen
825 300 969 341 nescio
1008 298 1128 353 quid,
1167 298 1278 352 quod
1309 294 1494 350 supersit
1525 300 1600 334 aut
1630 292 1752 333 desit.

160 387 261 414 nain
282 386 482 413 uersuum
503 370 676 426 propria
700 368 892 410 condicio
915 369 992 421 est,
1025 366 1201 420 ideoque
1222 365 1268 405 111
1298 364 1364 405 1115
1387 362 1595 418 quaedam
1627 361 1754 402 etiam

162 454 418 483 communes.
478 438 636 480 ueritas
677 451 777 478 uero
822 436 922 491 quia
963 435 1126 490 patitur
1164 447 1294 487 aeque
1341 432 1513 473 breuem
1559 443 1649 470 esse
1687 428 1824 472 116185

126 510 334 564 5longam
374 507 588 560 uocalem,
637 520 731 547 cum
773 507 837 546 est
879 504 988 557 sola,
1037 517 1164 557 quam
1206 515 1300 542 611111
1342 514 1434 540 eam
1473 498 1758 540 consonantes

159 591 247 618 11113
285 576 481 631 pluresue
520 574 804 630 praecedunt,
847 574 960 613 certe
997 572 1043 612 in
1084 569 1346 611 dimensione
1384 567 1540 622 pedum
1578 564 1755 619 syllaba,

161 661 269 700 quae
301 646 365 686 est
395 644 549 697 breuis,
581 643 832 696 insequente
864 639 948 681 alia
979 643 1044 680 uel
1072 643 1192 688 lonfflc
1222 637 1291 677 uel
1313 635 1447 688 breui,
1481 648 1588 688 quae
1610 635 1756 674 tamen

161 714 265 755 duas
296 713 454 768 primas
477 712 762 753 consonantes
784 709 954 761 habeat,
986 707 1035 748 fit
1056 707 1200 761 longa,
1234 707 1281 745 ut
1312 705 1578 758 agrestem
1608 701 1757 742 tenui

162 796 377 823 musam:
428 795 530 821 nam
561 783 631 820 ta'
666 778 830 831 breuis,
871 779 1017 831 ‘gres'
1050 774 1213 827 breuis,
1246 772 1377 813 faciet
1407 767 1758 823 tamenlongam
1773 772 1826 813 86

112 864 144 888 ιο
162 850 366 904 priorem:
398 849 472 889 dat
502 847 636 902 igitur
665 836 729 887 illi
761 845 920 899 aliquid
952 858 1002 885 ex
1034 857 1108 884 suo
1139 844 1343 895 tempore.
1390 854 1472 894 quo
1503 838 1640 891 modo,
1674 836 1757 877 nisi

162 918 292 959 habet
328 917 422 972 plus
461 931 588 971 quam
627 929 732 970 quae
770 912 1044 966 breuissima,
1085 910 1220 965 qualis
1265 909 1359 963 ipsa
1406 909 1516 949 esset
1556 904 1759 947 detractis

164 983 530 1028 consonantibus?
560 997 675 1024 1111116
705 996 837 1023 unum
869 983 1036 1035 tempus
1069 977 1360 1020 accommodat
1390 975 1523 1031 priori
1555 976 1597 1016 et
1627 988 1759 1015 unum

165 1054 322 1108 accipit
353 1068 377 1094 a
407 1053 632 1107 sequente:
670 1051 732 1092 ita
770 1050 876 1091 duae
916 1051 1071 1090 natura
1102 1047 1250 1088 breues
1281 1045 1492 1100 positione
1524 1047 1626 1084 sunt
1655 1044 1759 1083 tem-

164 1137 314 1177 porum
346 1123 560 1176 quattuor.

116 1203 145 1227 15
278 1189 410 1231 Miror
440 1191 581 1230 autem
612 1189 658 1228 in
689 1186 768 1228 hac
793 1186 994 1241 opinione
1017 1184 1282 1226 doctissimos
1313 1182 1506 1223 homines
1535 1180 1680 1233 fuisse,
1713 1180 1760 1219 ut
1775 1182 1826 1223 87

166 1258 271 1299 alios
301 1258 429 1312 pedes
460 1257 521 1297 ita
553 1256 762 1311 eligerent
801 1254 986 1308 aliosque
1025 1253 1302 1304 damnarent,
1344 1249 1464 1304 quasi
1494 1248 1604 1289 ullus
1637 1251 1759 1299 esset,
1801 1270 1806 1271 ν

165 1341 290 1381 (1116111
321 1340 407 1367 11011
439 1325 495 1366 sit
525 1338 698 1366 11666556
728 1324 774 1364 111
806 1323 999 1363 oratione
1022 1320 1239 1376 deprendi.
1302 1319 1401 1359 licet
1431 1317 1565 1371 igitur
1595 1329 1762 1370 paeana

166 1397 368 1449 sequatur
397 1392 608 1447 Ephorus,
639 1392 864 1433 inuentum
897 1406 920 1432 a
950 1388 1291 1444 Thrasymacho,
1325 1386 1551 1441 probatum
1583 1384 1635 1424 ab
1666 1383 1763 1423 Ari-

167 1462 338 1516 stotele,
380 1461 676 1516 dactylumque
714 1462 763 1501 ut
799 1461 1057 1513 temperatos
1096 1456 1296 1498 breuibus
1335 1469 1384 1496 ac
1421 1453 1584 1508 longis,
1623 1451 1765 1505 fugiat

118 1544 151 1567 20
168 1534 387 1582 spondeum
417 1537 454 1571 el
484 1528 746 1582 trochaeum,
781 1528 954 1568 alterius
984 1526 1188 1567 tarditate
1219 1524 1374 1577 nimia,
1416 1521 1588 1563 alterius
1621 1519 1763 1561 celeri-
1778 1524 1831 1564 88

168 1602 259 1641 tate
291 1599 507 1651 damnata,
541 1597 706 1651 herous,
740 1596 811 1651 qui
844 1597 909 1636 est
939 1594 1051 1636 idem
1074 1593 1281 1648 dactylus,
1315 1589 1538 1632 Aristoteli
1571 1587 1763 1643 amplior,

259 1705 289 1736 8.
316 1703 425 1745 Verg.
452 1701 531 1734 Ecl.
559 1703 588 1741 1,
616 1702 646 1732 2.
742 1702 795 1734 21.
823 1700 931 1732 Arist.
958 1699 1065 1731 Rhet.
1093 1701 1123 1738 3,
1149 1699 1180 1731 8.

262 1797 277 1826 1
306 1804 503 1835 omnesque
529 1792 661 1834 longae
686 1793 734 1823 A:
768 1802 860 1833 quae
893 1789 1024 1833 longae
1052 1791 1138 1831 GM,
1171 1789 1376 1831 longaeque
1405 1790 1454 1822 ὃς
1592 1797 1630 1818 56
1663 1787 1766 1827 111536

171 1841 356 1883 Spalding:
383 1850 421 1871 se
447 1840 620 1871 obsessae
646 1838 752 1877 AGS,
781 1848 819 1869 se
847 1837 977 1868 obesse
1002 1838 1050 1877 M,
1078 1845 1158 1867 sese
1184 1835 1330 1867 Bonnell
1429 1836 1447 1865 2
1474 1835 1556 1863 sunt
1581 1833 1599 1862 S
1625 1836 1656 1862 et
1683 1832 1766 1862 dett.

260 1885 335 1917 late
363 1889 401 1917 at
425 1886 455 1925 S,
483 1884 558 1916 late
586 1883 631 1914 ad
656 1884 732 1919 AG,
760 1883 860 1914 latae
887 1886 926 1914 at
951 1891 971 1913 a
1080 1880 1166 1922 quid
1192 1880 1286 1922 quod
1311 1879 1497 1920 ,ςριιὶιίἰηῃς
1525 1876 1700 1920 quidquid
1724 1877 1764 1915 A,

170 1931 343 1974 quicquid
369 1931 406 1971 G,
434 1931 464 1962 si
491 1929 686 1971 quidquam
711 1930 773 1959 MS
866 1930 885 1959 3
911 1937 1079 1959 uersuum
1105 1927 1166 1957 MS
1180 1936 1217 1957 a:
1245 1935 1387 1957 uersum
1413 1925 1476 1955 AG
1569 1924 1589 1953 4
1616 1933 1768 1953 commn-

170 1988 234 2009 nes
259 1977 299 2019 A,
327 1985 533 2008 commones
559 1976 586 2005 G
679 1975 766 2015 quia
792 1974 899 2004 MSa:
927 1973 988 2013 qui
1013 1973 1076 2003 AG
1169 1972 1303 2013 patitur
1329 1981 1443 2011 aeque
1471 1970 1579 2010 (quae
1606 1968 1695 2006 lm.)
1721 1968 1767 1998 A:

171 2023 408 2063 parituraque
428 2022 465 2060 G,
493 2021 630 2062 pariter
657 2030 748 2061 eque
767 2021 795 2056 S,
822 2019 987 2051 breuiter
1012 2028 1103 2060 eque
1121 2018 1173 2055 M;
1201 2017 1337 2048 ueritas
1362 2016 1475 2057 igitur
1502 2025 1580 2046 cum
1609 2014 1769 2054 patiatur

172 2079 287 2109 aeque
316 2067 456 2103 Gesner,
482 2066 621 2097 ueritas
646 2066 772 2105 utique
799 2064 939 2106 patitur
964 2073 1079 2104 aeque
1106 2063 1272 2103 Spalding]
1410 2062 1429 2093 5
1456 2060 1569 2092 solam
1597 2060 1667 2090 GM

171 2115 190 2144 6
215 2123 289 2144 una
315 2113 486 2154 pluresue
510 2112 566 2142 AS
593 2110 671 2149 (secl
694 2112 723 2141 A
747 2109 917 2152 pluresue
943 2110 975 2140 in
994 2119 1063 2140 ras.
1090 2120 1130 2140 m.
1149 2110 1198 2148 2),
1227 2118 1298 2139 una
1326 2111 1450 2138 etreue
1477 2108 1520 2142 G,
1548 2116 1619 2136 11113,
1645 2105 1767 2146 plui-*es

171 2160 223 2199 M,
256 2168 332 2190 una
358 2157 525 2189 alteraue
556 2157 722 2196 Burman,
755 2165 859 2197 quam
894 2165 973 2185 611111
1001 2157 1247 2185 consonantes
1278 2154 1384 2184 binas
1411 2156 1534 2183 tresue
1561 2149 1666 2191 [immo
1694 2153 1766 2180 ter-

172 2203 299 2244 nasue]
325 2202 531 2245 praecedit:
558 2206 715 2233 ceterum
742 2201 779 2232 in
805 2201 888 2232 dim.
916 2199 1080 2241 Spaldiny
1196 2200 1214 2231 7
1240 2198 1298 2230 uel
1324 2198 1434 2239 longa
1459 2198 1538 2228 mid.
1566 2196 1690 2235 Christ,
1716 2195 1768 2225 iu—

173 2255 348 2290 sequente
373 2248 435 2280 uel
460 2248 563 2278 breui
589 2246 663 2278 alia
688 2247 759 2277 FM
881 2247 901 2277 S
928 2245 1133 2277 siluestrem
1165 2245 1269 2284 Ver-9.
1297 2243 1518 2282 Quintilianus
1543 2253 1589 2273 ein
1613 2241 1770 2272 memoria

171 2297 279 2326 citans
304 2294 458 2334 confudit
482 2302 612 2324 uersum
638 2303 706 2323 enm
734 2291 808 2324 ΕΟΖ.
836 2292 866 2330 6,
894 2293 913 2322 8
1006 2290 1107 2321 tenui
1132 2300 1264 2320 musam
1290 2299 1396 2320 uma
1422 2286 1545 2329 (namu
1570 2291 1647 2317 (mle
1672 2296 1769 2316 rasu-

174 2340 256 2378 ram)
286 2339 404 2370 breuis
428 2339 472 2369 A:
513 2339 696 2369 tenuimus
721 2348 765 2370 .Λ.
794 2347 830 2366 M.
860 2347 892 2366 Α.
919 2345 951 2366 n.
982 2346 1013 2367 a.
1047 2335 1171 2366 breuis
1197 2335 1240 2373 G,
1277 2335 1379 2365 tenui
1409 2343 1548 2364 musam
1581 2330 1769 2362 meditaris

175 2395 294 2416 auena
318 2384 443 2416 breuis
459 2384 505 2422 M,
531 2383 633 2414 tenui
659 2392 747 2413 mus.
775 2381 914 2419 (deinde
938 2381 1075 2421 Iuenna)
1100 2380 1232 2411 breues
1250 2380 1280 2419 S,
1308 2379 1409 2410 1611111
1426 2388 1564 2409 musam
1584 2376 1770 2408 meditaris

176 2440 306 2462 auena.
340 2430 368 2460 A
394 2428 517 2460 breuis
542 2431 639 2469 uulgo
777 2429 796 2458 9
825 2437 906 2468 gres
932 2426 1054 2458 breuis
1079 2436 1140 2458 om.
1167 2427 1202 2455 M
1230 2423 1328 2464 (nam
1353 2424 1444 2455 licet
1470 2434 1532 2465 gre
1559 2423 1682 2453 breuis
1709 2421 1768 2459 sit,

174 2476 267 2507 facit
292 2478 416 2506 tamen
441 2474 588 2514 longam
615 2484 635 2504 a
660 2473 817 2513 priorem
843 2471 980 2513 Regius)
1074 2471 1185 2512 longa
1211 2471 1328 2511 priore
1347 2469 1464 2507 A¹GS,
1493 2468 1602 2508 longa
1631 2479 1651 2498 a
1677 2467 1770 2507 prio-

175 2531 248 2553 rem
274 2521 309 2550 M
404 2521 443 2551 11
471 2529 550 2550 6556
575 2517 725 2548 A¹GMS
836 2520 876 2549 13
902 2517 973 2548 dua
998 2518 1025 2547 G
1118 2516 1241 2547 breuis
1266 2514 1372 2545 A¹GS
1490 2515 1530 2544 15
1555 2513 1706 2543 miscror
1731 2512 1771 2551 G,

174 2568 250 2598 item
274 2566 303 2596 A
327 2576 383 2605 pr.
409 2576 447 2598 m.
473 2569 507 2595 ul
532 2565 667 2595 uidetur
759 2563 993 2595 doctissimus
1018 2562 1099 2592 A¹G
1193 2563 1232 2593 16
1258 2560 1448 2591 damnaret
1471 2558 1549 2590 A¹G
1646 2558 1684 2588 17
1712 2557 1771 2587 (16-

175 2611 352 2653 prehendi
376 2611 470 2644 Μὸς
564 2619 659 2651 pena
685 2610 766 2649 GM,
793 2619 912 2650 poena
930 2609 969 2646 A,
997 2617 1140 2649 poeana
1159 2617 1189 2647 a,
1219 2616 1376 2647 peanum
1395 2606 1413 2635 S
1509 2604 1548 2635 18
1576 2603 1772 2644 ephoforus

175 2658 222 2696 M,
248 2657 323 2688 ilem
347 2657 377 2686 A
401 2666 493 2687 corr.
521 2657 586 2686 1711.
616 2665 661 2686 ex
687 2654 855 2696 ephorus,
882 2653 1082 2695 ephoforiis
1101 2654 1127 2684 G
1221 2650 1463 2682 thrasimaeho
1481 2650 1520 2689 A,
1548 2648 1771 2679 tharsimaco

176 2703 214 2742 G,
241 2700 520 2732 tharsumarcho
547 2701 592 2738 M,
621 2700 823 2731 tarisinaco
848 2701 868 2729 S
962 2700 1002 2730 19
1029 2698 1286 2737 dactulumque
1312 2697 1376 2726 AG
1469 2697 1657 2736 teperatos
1682 2691 1725 2723 A¹

176 2747 298 2787 fugiat
322 2746 508 2778 trocheum
536 2744 721 2786 (rocheum
741 2745 818 2785 AG)
845 2744 987 2782 AGMS,
1017 2743 1137 2784 fugiat
1163 2742 1356 2773 molossum
1383 2744 1419 2772 et
1445 2740 1630 2771 trocheum
1657 2748 1688 2777 a,
1715 2738 1771 2768 fu-

177 2794 257 2833 giat
283 2796 318 2823 et
337 2791 535 2833 spondeum
555 2795 591 2822 et
610 2790 818 2822 trochaeum
837 2791 889 2821 ed.
909 2790 1023 2829 Camp.
1051 2790 1141 2830 qnod
1163 2791 1424 2828 supplementmn
1442 2797 1553 2817 uerum
1572 2794 1644 2815 esse
1663 2788 1771 2815 osten-

178 2839 228 2868 dit
252 2839 342 2869 Iocus
369 2839 401 2868 in
429 2837 496 2870 Cic.
526 2836 621 2868 Orac.
648 2839 700 2873 57,
727 2837 813 2866 194:
862 2834 1027 2875 Ephorus
1060 2844 1146 2864 uero
1172 2844 1214 2863 116
1243 2832 1441 2873 spondeum
1469 2831 1630 2872 quidem,
1665 2839 1771 2869 quem

177 2882 285 2923 fugit,
310 2881 497 2923 intellegit
524 2892 602 2913 esse
631 2880 819 2922 aequalem
849 2879 1007 2920 dactylo,
1035 2889 1140 2920 quem
1166 2878 1298 2920 prohat
1391 2879 1433 2908 20
1458 2876 1632 2907 tarditate
1658 2874 1772 2905 nimia

177 2929 320 2967 scripsi:
346 2927 521 2958 tarditate
550 2927 682 2958 etenim
707 2927 860 2966 AGMS,
888 2924 1064 2956 tarditate
1092 2932 1112 2958 ς
1228 2922 1380 2954 alterius
1406 2921 1598 2954 celeritate
1623 2920 1695 2951 AM
1727 2930 1772 2951 ea*

179 2983 270 3006 corr.
295 2972 360 3005 alt.
387 2973 544 3004 caritate
564 2973 618 3003 GS
711 2972 752 3002 ‘21
779 2970 937 3003 dactilus
960 2970 1093 3001 AGMS
