1939 3228
474 114 515 142 v.
549 112 752 142 Pnoomu.
788 109 910 141 1—5.
959 108 1136 154 1,1—-4.
1170 108 1348 154 2,1—-2.
1621 98 1700 139 217

122 217 168 258 in
199 230 418 258 commune
441 215 492 258 ad
514 214 649 256 omnis
671 214 936 268 quaestiones
958 213 1188 267 pertinent,
1222 212 1505 265 ostendamus,
1539 211 1700 264 deinde,

124 298 229 338 quae
258 284 304 324 in
334 297 498 337 quoque
530 296 679 324 causae
710 295 864 336 genere
895 281 1065 335 propria
1095 283 1206 333 sunt,
1241 295 1507 335 exequamur.

236 350 269 392 I.
321 352 386 392 Ac
416 350 553 405 prima
583 350 750 404 quidem
780 348 853 389 illa
883 349 1056 402 partitio
1088 349 1139 389 ab
1162 348 1389 389 Aristotele
1420 348 1576 389 tradita
1609 361 1703 389 con-

125 433 293 460 sensum
323 418 411 459 fere
442 418 628 459 omnium
659 417 833 469 meruit,
875 416 978 457 alias
1011 431 1099 457 esse
1129 416 1413 471 probationes,
1454 431 1556 470 quas
1587 417 1704 456 extra

91 497 108 523 5
127 487 293 528 dicendi
324 486 775 539 rationem'acciperet
805 486 958 538 orator,
991 484 1115 538 alias,
1147 499 1249 538 quas
1282 499 1330 524 ex
1363 498 1487 524 causa
1518 483 1705 524 traheret

123 555 214 610 ipse
246 556 287 595 et
317 554 498 609 quodam
528 554 650 594 modo
681 553 891 608 gigneret.
949 552 1124 606 ideoque
1163 551 1257 592 illas
1297 552 1523 604 ἀτέχνους,
1561 551 1603 591 id
1643 553 1707 592 est

125 621 436 675 inartificiales,
477 625 549 662 has
587 622 835 673 ἑντέχνουε,
874 623 917 660 id
953 628 1009 660 est
1038 624 1283 668 artificiales,
1324 621 1595 659 uocauerunt.
1656 624 1744 664 ex?

125 690 197 732 illo
228 690 366 745 priore
397 703 551 745 genere
583 691 682 730 sunt
712 687 982 742 praeiudicia,
1016 701 1222 740 rumores,
1255 688 1486 739 tormenta,
1519 686 1703 740 tabulae,

125 758 189 800 ius
220 757 465 810 iurandum,
506 759 658 810 testes,
697 757 743 797 in
773 756 924 810 quibus
955 770 1052 809 pars
1082 754 1266 795 maxima
1298 754 1616 796 contentionum
1646 754 1706 796 so-

76 826 314 867 10rensium
355 825 560 866 consistit.
621 824 693 865 sed
730 826 776 864 ut
805 824 898 877 ipsa
929 837 1003 877 per
1033 837 1075 863 se
1109 825 1255 863 carent
1286 826 1395 876 arte,
1435 823 1495 863 ita
1534 823 1706 864 summis

128 893 392 948 eloquentiae
429 893 589 933 uiribus
628 894 670 933 et
710 890 945 932 adleuanda
983 892 1082 931 sunt
1112 890 1357 944 plerumque
1389 892 1429 931 et
1460 890 1704 932 refellenda.

127 975 255 1016 quare
295 960 400 1001 mihi
431 960 640 1001 uidentur
680 973 837 1014 magno
880 972 1004 1012 opere
1046 958 1296 1011 damnandi,
1339 958 1409 1012 qui
1449 960 1588 1000 totum
1629 958 1707 1000 hoc

127 1042 261 1084 genus
293 1044 316 1069 a
345 1028 582 1083 praeceptis
612 1028 893 1068 remouerunt.
945 1041 1024 1067 nec
1053 1028 1195 1067 tamen
1216 1026 1259 1067 in
1289 1026 1429 1067 animo
1460 1029 1522 1067 est
1552 1027 1746 1081 omnia,3

127 1102 232 1151 quae
262 1110 337 1151 pro
368 1095 433 1136 his
465 1097 537 1136 aut
568 1097 716 1136 contra
748 1094 829 1135 dici
861 1093 1011 1147 solent,
1046 1094 1281 1148 complecti.
1334 1108 1420 1135 non
1452 1094 1564 1135 enim
1597 1109 1707 1136 com-

80 1176 110 1202 15
129 1178 275 1205 munes
306 1163 418 1204 locos
447 1162 614 1204 tradere
646 1162 927 1215 destinamus,
970 1162 1077 1216 quod
1109 1164 1218 1203 esset
1249 1162 1387 1216 operis
1417 1162 1596 1215 infiniti,
1637 1163 1708 1204 secl

127 1232 241 1273 uiam
271 1231 483 1286 quandam
515 1233 638 1285 atque
668 1230 887 1271 rationem.
948 1230 1096 1284 quibus
1135 1230 1433 1271 demonstratis
1471 1244 1556 1271 non
1587 1230 1709 1271 modo

128 1299 172 1340 in
203 1299 445 1354 exequendo
476 1313 572 1339 suas
610 1298 783 1352 quisque
821 1297 933 1338 uires
972 1297 1095 1338 debet
1135 1297 1346 1351 adhibere,
1386 1298 1458 1339 sed
1489 1299 1617 1339 etiam
1647 1299 1749 1341 iii-4

127 1367 336 1408 ueniendo
367 1367 533 1420 similia,
566 1369 614 1407 ut
643 1380 830 1420 quaeque
862 1365 1051 1406 condicio
1072 1365 1211 1406 litium
1232 1367 1389 1420 poscet.
1439 1381 1575 1420 neque
1597 1366 1707 1408 enim

129 1434 178 1476 de
209 1434 402 1476 omnibus
435 1435 571 1475 causis
602 1434 739 1475 dicere
769 1433 990 1488 quisquam
1020 1436 1173 1487 potest,
1207 1433 1357 1474 saltem
1377 1434 1631 1488 praeteritis,
1664 1437 1711 1475 ut

78 1516 110 1540 20
128 1505 293 1544 taceam
323 1502 373 1543 de
403 1502 570 1543 futuris.
1666 1530 1681 1537 -

241 1569 295 1611 II.
353 1569 444 1610 Iam
480 1569 935 1624 praeiudiciorum
974 1569 1038 1610 uis
1077 1569 1212 1610 omnis
1244 1570 1377 1611 tribus
1407 1570 1453 1611 in
1483 1571 1710 1625 generibus

130 1640 343 1680 uersatur:
374 1638 513 1690 rebus,
546 1652 652 1692 quae
683 1637 909 1691 aliquando
941 1651 989 1678 ex
1010 1637 1184 1691 paribus
1208 1638 1343 1678 causis
1365 1640 1466 1679 sunt
1485 1638 1707 1693 iudicatae,

130 1721 237 1761 quae
278 1705 468 1761 exempla
510 1706 665 1747 rectius
707 1705 926 1757 dicuntur,
975 1707 1023 1745 ut
1061 1705 1111 1745 de
1150 1706 1337 1746 rescissis
1376 1708 1543 1760 patrum
1584 1709 1709 1747 testa-

130 1773 284 1815 mentis
316 1773 383 1814 uel
423 1775 569 1815 contra
606 1773 714 1814 filios
753 1772 1036 1815 confirmatis:
1071 1773 1235 1815 iudiciis
1277 1774 1327 1814 ad
1366 1774 1502 1828 ipsam
1541 1790 1709 1816 causam

80 1853 113 1878 25
130 1841 456 1896 pertinentibus,
489 1841 599 1882 unde
631 1841 759 1882 etiam
789 1855 944 1882 nomen
975 1841 1145 1882 ductum
1167 1843 1243 1894 est,
1277 1842 1416 1896 qualia
1437 1842 1483 1884 in
1505 1843 1709 1897 Oppiani-

133 1924 224 1951 cum
254 1909 369 1950 facta
400 1909 597 1950 dicuntur
627 1912 668 1950 et
700 1924 723 1950 a
754 1911 904 1950 senatu
935 1909 1135 1950 aduersus
1166 1909 1389 1950 Milonem:
1432 1913 1505 1952 aut
1537 1925 1630 1952 cum
1661 1911 1710 1951 de

97 2001 101 2003 ‡
131 1977 276 2018 eadem
307 1991 433 2018 causa
463 1977 786 2032 pronuntiatum
818 1978 900 2030 est,
946 1979 993 2017 ut
1029 1977 1075 2018 in
1114 1977 1196 2018 reis
1236 1977 1468 2032 deportatis
1501 1981 1542 2020 et
1573 1979 1709 2020 adser-

129 2045 245 2086 tione
276 2045 460 2086 secunda
492 2047 533 2086 et
564 2045 754 2099 partibus
787 2045 1173 2099 centumuiralium,
1213 2060 1319 2100 quae
1357 2046 1403 2087 in
1433 2047 1536 2087 duas
1566 2046 1710 2088 hastas

132 2113 289 2154 diuisae
322 2115 433 2153 sunt.
485 2113 791 2154 confirmantur
820 2113 1045 2167 praecipue
1067 2114 1248 2154 duobus:
1281 2114 1532 2155 auctoritate
1555 2116 1749 2168 eorum,2

222 2198 251 2226 3.
281 2179 440 2230 κῑῖὲῖι,
468 2196 499 2234 ε),
526 2196 555 2226 2.
649 2195 701 2226 ⁴25.
731 2193 806 2226 cic.
834 2205 865 2234 p.
891 2193 1033 2225 Cluent.
1062 2205 1091 2227 e.
1119 2197 1158 2226 17
1185 2204 1237 2236 sq.
1331 2196 1384 2228 26.
1412 2206 1445 2236 p.
1472 2195 1534 2227 Mil
1576 2206 1606 2227 c.
1633 2198 1663 2227 5.

224 2264 239 2293 1
267 2273 389 2293 omnes
414 2263 464 2297 Βς
555 2264 574 2293 ’2
601 2272 693 2302 quae
718 2262 791 2292 Ab:
819 2272 879 2295 om.
906 2262 931 2292 B
1023 2266 1106 2293 sunt
1131 2263 1293 2293 Meister:
1320 2264 1392 2293 sint
1417 2263 1493 2293 libri
1588 2265 1609 2294 4
1634 2264 1710 2295 fere

132 2309 161 2338 A
184 2309 217 2339 in
242 2319 311 2338 ras.
383 2307 615 2348 probationes
641 2308 670 2338 A
696 2312 727 2336 ’ἰ
751 2307 826 2337 alii:
851 2307 1114 2347 propositiones
1139 2309 1164 2338 B
1246 2310 1265 2338 5
1293 2309 1478 2349 acceperit
1502 2309 1529 2338 A
1601 2310 1617 2339 7
1645 2308 1710 2339 has

137 2370 173 2374 —
193 2351 402 2383 artificiales
424 2353 561 2393 liegyins:
587 2363 647 2383 mn.
675 2351 751 2382 libri
890 2354 929 2383 10
956 2354 1034 2393 ipsa
1061 2363 1124 2393 per
1149 2363 1186 2384 se
1211 2353 1284 2383 Ab:
1313 2353 1388 2393 ipsc
1416 2354 1452 2390 B,
1479 2354 1556 2393 ipsa
1592 2353 1711 2385 Victor

134 2409 167 2438 p.
186 2399 265 2434 1103,
286 2398 330 2428 32
438 2399 479 2427 117
503 2397 705 2436 eloquentis
730 2399 759 2429 A
853 2401 888 2427 et
913 2395 1000 2438 (post
1027 2400 1106 2434 uir.)
1135 2409 1194 2429 om.
1220 2398 1249 2428 A
1343 2398 1551 2429 reffellenda
1569 2399 1621 2437 Bg

137 2444 174 2473 12
200 2452 417 2483 magnopere
443 2442 530 2476 libri,
555 2443 617 2472 sed
639 2442 668 2472 A
693 2452 911 2484 magnopore
1006 2444 1045 2474 13
1070 2449 1147 2483 post
1172 2453 1284 2483 genus
1309 2444 1423 2475 noval).
1450 2446 1482 2474 [η
1507 2444 1558 2483 Bg
1583 2455 1710 2474 erasum

224 2488 317 2517 omni
334 2485 375 2516 A*
476 2488 511 2516 14
539 2496 630 2527 quae
659 2492 719 2518 aut
745 2499 807 2528 pro
834 2489 914 2518 dett.
933 2489 1034 2529 pauci
1124 2489 1169 2519 iis
1187 2487 1228 2518 A¹
1268 2501 1270 2503 >
1328 2490 1365 2519 15
1392 2489 1481 2528 quod
1512 2493 1566 2519 cst
1592 2490 1712 2529 operis

135 2532 300 2572 Spalding]
324 2533 397 2563 coll.
419 2534 448 2571 1,
470 2533 497 2569 5,
518 2535 536 2562 5
634 2533 671 2562 16
698 2534 791 2564 uiam
818 2534 868 2564 ed.
890 2533 1016 2573 Gryplz.
1043 2538 1075 2564 et
1100 2533 1163 2566 Iul.
1189 2534 1326 2564 Victor.-
1353 2534 1423 2563 uim
1442 2532 1503 2563 AB
1598 2534 1711 2575 quihus

135 2578 391 2608 demonstratis
416 2578 444 2607 A
539 2578 576 2607 17
604 2576 781 2609 dcbeatA
872 2578 1081 2609 inueniendi
1104 2577 1141 2615 A,
1171 2579 1205 2608 in
1231 2578 1449 2609 inuenivndo
1476 2580 1641 2619 Spalding]

139 2623 176 2653 18
195 2627 228 2651 nt
248 2622 276 2652 A
301 2633 390 2653 eurr.
418 2633 462 2653 ex
482 2624 543 2652 aut
636 2622 817 2658 condictio
835 2623 874 2653 A*
961 2625 1000 2654 19
1026 2627 1137 2664 potes-r
1157 2624 1185 2653 A
1263 2624 1303 2652 20
1330 2623 1459 2653 futuris
1487 2624 1550 2654 D'r:
1572 2624 1709 2654 1³less-

135 2666 335 2698 IUDIUIIS
361 2667 415 2698 Ba
529 2668 564 2697 '21
595 2668 669 2698 Iam
696 2669 747 2699 ed.
777 2668 909 2709 Caum..-
935 2669 1071 2699 Tamen
1089 2668 1150 2698 AB
1244 2668 1298 2698 uis
1317 2668 1356 2698 B:
1385 2667 1460 2698 (leis
1478 2667 1515 2704 A,
1543 2668 1585 2699 de
1611 2668 1666 2699 his
1691 2678 1712 2699 a

224 2713 385 2743 omnibus
405 2713 433 2743 A
537 2714 578 2742 -22
605 2717 770 2743 uersatur
799 2731 835 2734 —
863 2713 1009 2754 paribus
1037 2724 1096 2744 om.
1123 2713 1174 2752 Eg
1200 2715 1217 2742 1
1234 2724 1272 2745 m.
1366 2713 1511 2751 paribus
1536 2714 1566 2744 A
1669 2716 1710 2745 ’23

137 2757 282 2787 rescisis
307 2757 332 2787 B
426 2759 467 2788 ⁶24
493 2761 619 2788 contra
647 2758 679 2788 in
707 2767 727 2789 a.
841 2756 972 2789 iudicis
997 2757 1049 2793 A‘,
1080 2758 1163 2787 item
1193 2757 1336 2788 indu-iis
1365 2758 1468 2788 Iulius
1498 2758 1617 2789 Vector-
1642 2761 1671 2789 6.
1693 2762 1711 2790 6

135 2811 169 2839 p.
189 2802 269 2839 404ι
286 2804 324 2833 10
351 2804 405 2843 qui
421 2803 481 2833 hoe
506 2808 606 2833 canat
632 2808 663 2834 ec
686 2805 859 2846 sequentia
882 2803 956 2842 fere
982 2805 1028 2833 αιΙ
1051 2802 1182 2833 ner-bam
1208 2804 1392 2843 arm-ripn]
1482 2804 1523 2835 25
1550 2805 1710 2835 unetiam

136 2844 175 2875 A¹
270 2857 396 2877 nomen
426 2847 491 2878 hoc
523 2848 642 2879 Victor
779 2849 987 2888 opianieum
1011 2847 1071 2878 AB
1208 2849 1250 2878 *26
1277 2858 1296 2878 a
1323 2860 1381 2879 om.
1407 2848 1432 2878 B
1547 2854 1610 2879 aut
1635 2850 1708 2880 Ab:

139 2899 184 2920 au
207 2890 248 2922 B.
278 2892 359 2923 item
385 2892 502 2923 Victor
594 2895 635 2924 27
661 2893 860 2935 deportatis
884 2891 956 2924 Ab:
984 2893 1212 2934 deportatum
1238 2893 1262 2923 B
1355 2894 1396 2926 28
1423 2896 1520 2926 astas
1546 2894 1620 2924 A‘B

139 2935 179 2966 29
207 2937 422 2968 auctoritati}
446 2937 471 2967 B
