1939 3180
235 120 319 161 402

235 233 411 268 ὑπόθεειε
429 234 517 274 3,5,7
534 236 570 265 et
584 234 626 265 18

235 279 480 313 ὑποτύπωειε
497 280 608 319 4,2‚3;
628 279 744 319 9,⁴2‚40
760 280 795 309 et
809 278 852 309 58

236 328 253 358 Ι
270 326 395 358 littera
413 325 604 367 angustior
622 325 756 365 9‚4‚34;
782 324 860 355 eius
877 321 1019 354 medius

283 372 431 412 quidam
451 380 561 402 sonus
580 371 686 409 1,4,7;
712 369 782 401 sibi
806 368 933 400 insidit
953 369 1018 409 1,4‚

285 419 345 457 113
365 427 429 459 pro
449 417 478 448 V
497 416 618 458 posita
638 416 768 454 1‚7,21;
790 413 885 456 apud
906 413 1019 446 Grae-

285 473 347 495 cos
366 462 576 503 subscripta
595 462 709 501 1‚7‚17

238 509 394 540 iactatio
406 509 462 539 sui
478 507 594 538 omnis
609 507 748 538 uitiosa
763 508 831 546 est,
852 504 1020 545 eloquen-

282 554 359 586 tiae
401 558 527 585 tamen
567 553 768 594 praecipue
802 553 839 582 in
873 554 1020 583 oratore

285 600 420 641 11‚1,15
436 609 514 640 sqq.

236 646 384 677 iaculari
400 646 510 685 8‚2,5;
531 643 721 675 iaculandi
740 647 866 686 gestus
885 643 998 684 10‚3,6

236 693 301 723 iam
321 692 434 732 1‚4‚10

237 737 382 769 iambus
400 746 464 778 pes
482 735 734 775 9‚4‚47.80.88;
755 733 866 765 iambi
884 735 922 765 in
941 744 1020 765 ora-

283 783 384 814 tione
402 781 565 824 pedestri
582 781 716 822 9,4‚76;
742 780 874 811 iambis
900 779 1020 811 conci-

284 832 410 860 tantur
435 837 567 869 aspcra
591 826 747 867 9,4,136;
772 825 932 863 iambus,
958 835 1019 866 ge-

284 883 351 906 nus
367 873 539 905 carminis
550 873 702 912 10‚1‚96;
723 871 923 903 iamborum
936 869 1019 902 scri-

285 922 408 961 ptores
426 920 658 959 10‚1,9.59.96

240 963 381 1007 ἰδιότης
399 966 514 1006 3,6,53

237 1013 332 1043 iecur
351 1012 463 1052 1‚6‚22

239 1057 365 1088 ieiuna
383 1056 502 1088 oratio
523 1055 618 1097 (opp.
639 1053 801 1097 copiosa)
821 1054 950 1094 8‚3,49‚
972 1052 1021 1084 cf.

286 1103 421 1144 10‚5,5;
447 1102 471 1135 i.
491 1105 614 1133 orator
633 1102 800 1141 12‚10‚13‚
822 1099 869 1133 cf.
887 1099 1021 1139 2,5‚21;

286 1149 423 1188 10‚2,17

238 1195 343 1235 iyilur
361 1194 398 1225 in
416 1192 523 1224 initio
543 1192 721 1224 sermonis
739 1191 896 1234 positum
908 1191 1022 1231 1,5‚39

238 1239 348 1271 Ilium
366 1240 502 1279 5‚10‚42

240 1285 376 1324 illusio,
394 1284 607 1323 illustratio,
627 1283 675 1317 cf.
692 1282 755 1315 inl.

242 1332 365 1373 imago
392 1330 451 1372 fig.
478 1331 613 1372 9,1‚35;
639 1330 762 1371 imago
787 1338 906 1360 rerum
929 1328 1020 1368 5‚11,

287 1379 348 1416 24;
369 1376 523 1416 10‚1‚16;
543 1386 663 1408 rerum
680 1374 862 1416 imagines
882 1384 909 1405 s.
927 1381 1024 1414 φαν-

286 1420 407 1455 ταείαι
434 1422 588 1461 10‚7,15;
612 1422 745 1462 6‚3‚29;
776 1420 957 1462 imagines
987 1419 1023 1449 in

288 1472 367 1501 arte
386 1468 584 1500 memoriae
605 1468 803 1507 11,2‚24sq.

242 1515 400 1547 imitatio
411 1515 542 1553 10‚1‚3;
563 1514 672 1552 10,2‚1
684 1522 762 1554 sqq.
782 1511 877 1553 quod
896 1510 1023 1542 uitium

288 1562 326 1592 in
346 1571 390 1592 ea
414 1558 605 1591 uitandum
630 1560 678 1590 sit
696 1558 833 1597 10‚1‚21
851 1567 926 1598 sqq.
953 1565 1025 1587 non

289 1607 337 1639 sit
355 1608 499 1638 tantum
516 1605 554 1636 in
578 1604 703 1636 uerbis
723 1604 878 1644 10‚1,27;
904 1602 1025 1633 imita-

288 1653 339 1684 tio
371 1650 594 1694 (puerorum)
629 1650 772 1691 signum
808 1651 863 1680 est
895 1646 1026 1679 docilis

288 1701 445 1729 naturae
466 1698 568 1737 1‚3‚1;
595 1696 757 1727 imitatio
783 1704 920 1725 morum
940 1692 1027 1724 alie-

290 1754 435 1783 norum?
449 1742 566 1784 figura
576 1743 709 1782 9‚1‚30;
727 1740 857 1782 9,2‚58;
872 1740 931 1770 im.
947 1748 1026 1770 uer-

290 1789 507 1821 sificationis
532 1799 575 1820 ac
599 1797 802 1819 sermonum
822 1796 848 1817 s.
869 1782 1027 1826 παρῳδή

291 1837 405 1875 9‚‘2‚35

246 1880 451 1912 imminutio
472 1879 532 1921 fig.
553 1880 687 1919 9‚1‚34;
708 1879 824 1918 9,3,90

247 1926 452 1958 immutatio
472 1924 531 1966 fig.
552 1926 685 1964 9‚1‚35;
713 1922 922 1955 soloecismi
949 1931 1029 1963 spe-

292 1973 368 2004 cies
389 1972 502 2013 1,5‚12
520 1974 556 2002 et
568 1971 609 2001 41

246 2020 407 2060 impares
425 2017 506 2048 soni
525 2016 676 2055 11‚3‚43;
694 2014 853 2056 imparia
871 2014 1006 2054 5,11,10

246 2064 496 2105 imperterritus
516 2062 627 2101 1,5‚65

247 2111 366 2151 impius
384 2118 448 2150 pro
464 2108 646 2149 parricida
663 2106 780 2146 8‚6‚30

247 2154 484 2197 improprium
501 2153 630 2193 i‚5,46;
653 2153 782 2193 1,8‚13;
801 2151 978 2191 8‚2,4sqq.
998 2150 1029 2189 8,

294 2202 391 2242 3‚15;
411 2200 568 2238 12‚10‚42

250 2246 486 2288 improuisum
506 2244 565 2285 fig.
585 2245 715 2283 9,1‚35;
735 2243 850 2282 9‚3‚90

250 2291 416 2334 impulsio
448 2290 493 2322 ad
523 2290 751 2321 hilaritatem
781 2288 893 2328 9,1,31
915 2290 951 2318 et
969 2287 1030 2326 44;

294 2339 386 2379 9,2‚3

250 2385 283 2416 in
309 2386 394 2414 ante
419 2393 451 2412 m
478 2382 514 2412 in
539 2380 805 2423 compositione
831 2378 967 2410 transit
995 2378 1031 2408 in

298 2431 338 2460 im
358 2429 447 2468 1,7‚7

250 2479 283 2506 ιή
303 2474 553 2506 Aleaeamlrz'czm
570 2471 810 2504 soloecismus
830 2470 943 2510 1‚5,38

253 2518 507 2561 inaequalitas
526 2518 563 2549 in
577 2517 880 2559 pronuntiatione
897 2514 1034 2555 11‚3‚44

252 2566 414 2598 inanima
439 2574 503 2606 pro
528 2564 638 2595 rebus
663 2562 885 2594 animalibus
915 2563 1034 2592 sumta

254 2637 375 2688 inani⁷s
390 2655 700 2695 orator12‚10‚16;
721 2654 831 2684 inane
847 2663 890 2683 ac
906 2651 1035 2683 redun-

299 2703 390 2734 dans
418 2702 470 2742 (in
495 2698 677 2740 oratione)
706 2699 877 2737 12,10‚17;
909 2696 1036 2728 inania

300 2753 466 2789 tempora
491 2746 542 2785 (in
567 2745 746 2786 rhythmis
765 2758 807 2769 =
827 2742 977 2783 Pausen)
1004 2744 1035 2781 9,

298 2795 377 2835 4,51
395 2795 431 2824 et
446 2792 509 2823 108

256 2837 501 2870 inartificialis
522 2837 691 2878 probatio
710 2838 798 2876 5,1‚1

258 2886 422 2916 incessus
441 2884 478 2913 in
497 2882 640 2922 agendo
662 2882 904 2921 11‚3,124sqq.
924 2883 959 2911 et
976 2881 1037 2910 150

257 2931 376 2961 incisa
395 2940 422 2962 s,
442 2926 616 2967 κόμματα
634 2927 888 2967 9,4,22.(’)7.122
899 2935 977 2966 sqq.

259 2974 521 3006 inclinationes
540 2973 642 3004 uocis
663 2972 820 3012 11,3,168

958 128 1107 158 INDEX

1053 232 1335 273 incompositum
1365 230 1460 272 (opp.
1487 230 1649 265 uinctum
1679 232 1716 261 et
1740 229 1833 261 bene

1101 275 1347 319 conlocatum)
1365 278 1474 318 9‚4‚6;
1494 277 1518 309 i.
1539 276 1656 307 oratio
1674 276 1787 316 9‚4‚32

1052 324 1293 364 incompositus
1312 323 1425 363 1‚5,65

1053 369 1361 410 inconsequentia
1378 377 1497 399 rerum
1515 368 1633 408 8,6‚50

1055 415 1337 453 incrementum,
1365 412 1664 454 amplificationis
1689 412 1835 453 species

1099 461 1190 500 824‚3
1206 462 1242 491 et
1255 460 1298 490 28
1368 494 1372 498 .
1562 475 1569 478 -

1056 505 1244 545 incumbere
1262 506 1323 543 illi,
1341 505 1375 535 in
1392 505 1478 535 illum
1496 504 1584 543 9‚3‚1

1057 551 1356 583 incuruiceruicum
1370 560 1476 591 pecus
1495 549 1606 589 1‚5,67
1623 551 1659 580 et
1673 548 1715 579 70

1057 596 1231 628 indicium
1246 597 1449 636 :cnueiov
1467 596 1577 635 5,9‚9;
1597 593 1735 625 indicia
1753 603 1834 634 par·

1102 641 1268 674 uulorum
1287 642 1402 682 5‚7,36

1057 687 1271 726 indifferens
1290 686 1438 727 syllaba
1456 687 1572 726 9,4‚93

1058 733 1296 764 indistinctus
1314 735 1448 773 orator,
1469 732 1531 765 i.e.
1543 730 1742 762 luminibus
1757 739 1836 760 ora-

1103 779 1208 810 toriis
1227 788 1266 809 se
1285 777 1477 809 abstinens
1496 778 1655 818 12,10‚39

1057 824 1195 856 indocti
1219 823 1351 855 fortius
1375 823 1500 855 dicere
1528 822 1701 854 uidentur
1724 821 1836 861 2‚12,1

1103 870 1151 903 cf.
1170 869 1256 901 ibid.
1276 869 1294 908 ξ
1313 870 1333 900 6

1057 913 1462 956 ἰηᾱυοῖὶοεέπαγωγή
1481 914 1637 954 5,10,73;
1657 913 1770 953 5‚11‚2
1788 921 1838 952 sq.

1104 961 1177 992 ind.
1198 961 1329 993 erroris
1348 962 1461 1002 9,1‚31

1058 1009 1353 1049 inexspectatum
1372 1007 1488 1047 9,2,22
1505 1009 1540 1037 et
1554 1006 1613 1037 24r

1060 1053 1218 1084 infames
1237 1063 1374 1084 causae
1391 1053 1506 1093 4,1‚62

1060 1099 1226 1130 infantes
1251 1108 1272 1130 a
1295 1098 1405 1129 mutis
1429 1096 1635 1128 nutricibus
1660 1095 1697 1126 in
1715 1093 1840 1126 solitu-

1105 1144 1190 1176 dine
1210 1143 1358 1176 educati
1378 1144 1512 1183 10‚1,10

1060 1190 1222 1221 infantia
1240 1189 1277 1221 in
1296 1188 1450 1220 dicendo
1469 1187 1607 1228 5‚13,38

1058 1235 1192 1267 infiniti
1216 1235 1312 1266 modi
1336 1232 1560 1278 (uerborum)
1582 1232 1670 1273 1,ss,7
1686 1241 1738 1273 sq.
1764 1229 1842 1262 infi-

1104 1281 1221 1312 nitum
1239 1280 1389 1313 uerbum
1414 1289 1479 1321 pro
1504 1277 1757 1320 appellatione
1776 1278 1840 1316 9‚3³

1105 1328 1141 1366 93
1157 1326 1324 1358 infinitae
1336 1324 1571 1366 quaestiones
1581 1324 1690 1364 3,5,5;
1707 1323 1839 1362 10,5‚11

1060 1371 1225 1404 infitialis
1244 1375 1364 1403 status
1383 1385 1426 1396 =
1445 1368 1708 1402 coniecturalis
1726 1367 1842 1408 3‚6‚15

1109 1421 1145 1449 et
1163 1419 1225 1458 323
1245 1418 1336 1458 9,1‚8

1061 1464 1208 1495 inflatus
1227 1467 1350 1494 orator
1370 1462 1527 1502 12,10,16

1061 1509 1201 1551 ingenii
1218 1509 1363 1551 signum
1381 1508 1418 1539 in
1436 1507 1562 1549 pueris
1579 1506 1755 1538 memoria
1774 1505 1841 1546 1‚3‚

1108 1556 1142 1596 13
1162 1555 1392 1596 ingeniorum
1410 1562 1570 1595 praecox
1589 1560 1704 1594 genus
1724 1552 1814 1590 1‚3‚3

1061 1602 1206 1642 ingyemm
1225 1600 1437 1641 ambiguum
1456 1599 1548 1639 7,9,4

1062 1647 1202 1688 ingrati
1220 1646 1319 1678 actio
1339 1646 1454 1686 7‚4,37

1062 1693 1207 1723 initium
1227 1691 1395 1733 (causae)
1415 1701 1442 1722 s.
1463 1687 1562 1722 αἰτία
1580 1689 1692 1728 3‚11‚5

1064 1738 1280 1769 iniuriarum
1300 1736 1574 1769 controuersiae
1593 1735 1708 1775 7,4‚32

1064 1783 1197 1815 inlusio
1217 1794 1243 1814 s.
1262 1783 1385 1814 ironia
1403 1782 1538 1823 8,6,54;
1557 1781 1672 1820 9‚1,28

1064 1829 1276 1861 inlustratio
1295 1838 1320 1862 s.
1342 1826 1514 1868 ἐνάργεια
1532 1827 1647 1867 6,2,32

1064 1875 1293 1917 inopinatum
1312 1885 1339 1908 s.
1357 1870 1570 1914 παράδοξον
1586 1871 1714 1912 6,3,84;
1730 1871 1845 1911 9‚2,23

1064 1919 1300 1952 inrationalis
1320 1919 1367 1952 cf.
1384 1928 1471 1950 usus

1065 1967 1245 2007 inscripta
1275 1966 1297 1997 i.
1330 1976 1359 1996 e.
1392 1974 1463 1996 non
1493 1963 1632 2004 scripta
1656 1963 1787 2002 3,6,37;
1814 1962 1845 2000 7,

1109 2012 1189 2051 4,36

1066 2057 1260 2099 inscriptio
1285 2056 1356 2088 Gai
1375 2054 1548 2087 Caesaris
1568 2055 1698 2095 1,7‚21;
1726 2053 1762 2083 in
1788 2062 1847 2083 co-

1111 2103 1235 2134 lumna
1253 2104 1417 2134 rostrata
1437 2104 1473 2132 et
1490 2101 1527 2132 in
1545 2099 1734 2142 puluinari
1751 2097 1846 2130 Solis

1114 2150 1245 2189 1‚7‚12;
1276 2147 1538 2189 inscriptiones
1569 2145 1749 2186 quaedam
1781 2145 1846 2183 1‚5,

1111 2195 1174 2235 203
1193 2195 1230 2225 in
1249 2193 1435 2235 lapidibus
1453 2191 1639 2223 milliariis
1656 2191 1773 2231 4‚5‚22

1067 2239 1306 2281 insequentia
1329 2239 1468 2279 5‚10‚45
1483 2247 1536 2278 sq.
1563 2237 1630 2268 ins.
1659 2239 1695 2267 et
1720 2244 1847 2267 consc-

1113 2285 1266 2327 quentia
1295 2285 1449 2325 5,10,75;
1480 2284 1678 2324 insequens
1707 2284 1848 2322 tempus

1113 2332 1266 2371 5‚10‚46;
1286 2330 1400 2370 7‚2,46

1069 2377 1233 2418 insignia
1252 2374 1429 2407 orationis
1446 2375 1561 2414 9,1,37

1068 2422 1272 2454 insinuatio
1289 2421 1404 2461 4‚1‚4·2
1419 2423 1455 2451 et
1467 2420 1510 2451 48

1070 2467 1266 2499 insolubile
1286 2468 1433 2508 signum
1450 2466 1542 2506 5‚9‚3

1070 2513 1245 2545 instabile
1264 2511 1462 2544 membrum
1482 2511 1617 2551 9‚4,125

1071 2560 1216 2591 instans
1251 2562 1378 2600 gestus
1413 2557 1549 2597 11,3,92
1568 2566 1619 2597 sq.
1654 2555 1850 2586 instantior

1118 2603 1392 2646 argumentatio
1403 2603 1579 2643 11,3,164;
1598 2602 1742 2632 instans
1759 2603 1848 2631 tem-

1116 2661 1183 2692 pus
1201 2650 1338 2691 5,10,4·2

1073 2697 1355 2727 instrumentum
1371 2691 1609 2734 (rhetoricae)
1625 2691 1777 2730 2‚21‚24;
1798 2690 1849 2720 in-

1119 2743 1324 2773 strumenta
1342 2739 1596 2778 faeti5‚10,51;
1616 2737 1732 2778 7‚2,25
1744 2740 1779 2767 ct
1789 2738 1849 2775 453

1069 2786 1072 2789 '
1119 2787 1274 2818 oratoris
1294 2787 1403 2825 12,5‚1
1415 2794 1491 2825 sqq.

1073 2833 1218 2873 integer
1242 2834 1365 2863 orator
1384 2830 1557 2867 12.10,16;
1581 2828 1763 2868 integrum
1790 2837 1850 2857 no-

1120 2888 1200 2909 men
1225 2877 1320 2918 (opp.
1340 2873 1577 2913 deminutum)
1600 2873 1728 2912 1‚5‚46;
1757 2873 1850 2913 (opp.

1119 2921 1342 2964 corruptum)
1363 2921 1473 2961 1,5,68
1769 2922 1772 2929 ¹

1072 2970 1229 3010 inlelleyo
1249 2970 1284 2999 ct
1301 2967 1399 2998 uideo
1419 2965 1615 3005 10,1‚13sq.
