1987 3212
224 83 279 126 82
746 92 1039 133 QUINTILIANI
1071 94 1190 126 1031.
1225 96 1299 127 on.

155 197 201 237 41
337 196 417 237 His
448 197 537 238 fere
568 199 732 238 ueteres
763 197 1015 239 facultatem
1053 198 1222 240 dicendi
1253 193 1561 253 exercuerunt,
1603 200 1828 254 adsumpta

223 266 368 305 tamen
401 280 424 304 a
456 264 691 306 dialecticis
723 266 1055 320 argumentandi
1086 266 1267 307 ratione.
1319 281 1421 307 nam
1451 267 1575 309 fictas
1607 268 1659 309 ad
1690 267 1828 310 imita-

222 332 384 373 tionem
415 332 497 373 fori
531 333 886 388 consiliorumque
921 334 1127 384 *materias
1168 335 1279 388 apud
1312 334 1498 376 Graecos
1537 335 1676 377 dicere
1716 336 1828 378 circa

153 401 207 440 42
223 399 487 440 Demetrium
508 400 715 441 Phalerea
736 401 984 442 institutum
1015 402 1110 442 feres
1128 403 1310 443 constat.
1349 417 1417 444 -an
1439 403 1492 444 ab
1514 404 1606 457 ipso
1627 404 1669 444 id
1691 418 1828 459 genus

223 468 541 509 exercitationis
573 469 629 509 sit
660 469 900 523 inuentum,
939 472 988 511 ut
1019 466 1298 524 alioquoque
1329 469 1438 511 libro
1469 486 1561 512 sum
1594 472 1825 526 confessus,
1846 489 1862 514 5

222 549 373 589 parum
406 538 612 592 comperi:
646 537 719 578 sed
750 552 804 578 ne
835 537 863 578 ii
896 538 1078 592 quidem,
1112 538 1184 592 qui
1215 537 1295 579 1100
1324 538 1555 580 fortissime
1587 540 1828 594 adfirmant,

221 603 307 644 ullo
348 605 452 646 satis
490 605 643 647 idoneo
684 608 856 647 auctore
887 606 1097 648 nituntur.
1158 606 1335 664 Latinos
1374 621 1474 648 uero
1513 607 1680 648 dicendi
1710 623 1830 662 prae-

224 674 417 727 ceptores
458 674 658 714 extremis
698 673 745 715 L.
789 673 930 716 Crassi
971 674 1239 729 temporibus·
1275 675 1463 729 coepisse
1495 674 1642 717 Cicero
1681 678 1831 718 auctor

222 743 298 795 est,
331 756 509 796 quorum
541 742 726 796 insignis
759 742 941 783 maxime
973 741 1137 783 Plotius
1169 742 1265 783 fuit.

336 809 389 851 V.
450 809 531 851 Sed
571 810 622 851 de
663 810 828 851 ratione
869 810 1136 851 declamandi
1173 812 1271 865 post
1307 811 1454 865 paulo:
1493 811 1688 866 interim,
1729 813 1879 868 quiam

219 877 358 931 prima
390 877 624 919 rhetorices
655 878 897 919 rudimenta
928 880 1185 932 tractamus,
1225 893 1313 919 non
1345 879 1629 921 omittendum
1660 881 1828 922 uidetur

219 945 261 985 id
293 960 459 999 quoque
469 979 479 999 ,
520 952 566 986 ut
605 960 823 1001 moneam,
867 949 1076 1001 quantum
1116 947 1172 988 sit
1213 948 1459 988 conlaturus
1499 948 1549 989 ad
1588 949 1827 1002 profectum

221 1013 478 1054 discentium
508 1014 668 1068 rhetor,
702 1015 751 1068 si,
786 1015 1139 1069 quemadmodum
1161 1030 1185 1055 a
1206 1015 1499 1070 grammaticis
1523 1016 1710 1071 exigitur
1730 1031 1827 1071 poe-

222 1082 362 1122 tarum
403 1082 640 1136 enarratio,
682 1083 743 1123 ita
780 1083 872 1137 ipse
912 1098 1075 1137 quoque
1112 1083 1316 1124 historiae
1355 1086 1481 1138 atque
1521 1084 1649 1125 etiam
1689 1085 1827 1140 inagis

220 1150 462 1191 orationum
501 1150 684 1191 lectione
725 1153 943 1205 susceptos
983 1166 1007 1191 a
1047 1166 1089 1191 se
1130 1151 1360 1205 discipulos
1399 1153 1671 1194 instruxerit:
1717 1153 1825 1207 quod
1847 1168 1878 1194 15

219 1232 296 1258 nos
327 1218 373 1258 in
405 1219 574 1273 paucis,
615 1233 793 1273 quorum
832 1219 874 1259 id
914 1221 1032 1259 aetas
1066 1219 1265 1274 exigebat
1297 1221 1339 1259 et
1369 1222 1569 1273 parentes
1601 1221 1706 1262 utile
1738 1216 1827 1262 esse

180 1286 513 1340 201011111010111,
555 1288 832 1328 301000111103.
894 1289 1080 1327 ceterum
1112 1287 1397 1328 sentientibus
1428 1288 1513 1328 iam
1543 1291 1634 1329 tum
1666 1289 1827 1343 optima

219 1353 325 1394 duae
356 1369 422 1395 res
454 1354 748 1408 inpedimento
779 1357 976 1409 fuerunt,
1018 1355 1130 1409 quod
1169 1358 1212 1396 et
1249 1355 1381 1410 longa
1413 1357 1673 1397 consuetudo
1705 1357 1828 1399 aliter

221 1421 398 1463 docendi
431 1422 595 1464 fecerat
625 1423 778 1477 legem,
814 1426 855 1464 et
886 1423 1048 1464 robusti
1081 1425 1171 1464 fere
1202 1424 1377 1464 iuuenes
1400 1423 1616 1466 1100110110
1638 1425 1827 1466 laborem

179 1489 510 1533 3desiderantes
544 1491 784 1545 exemplum
816 1493 1008 1532 nostrum
1041 1492 1345 1546 sequebantur.
1398 1506 1478 1533 1100
1509 1494 1665 1547 tamen,
1698 1494 1826 1535 etiam
1845 1510 1878 1535 20

219 1558 255 1598 si
287 1558 387 1612 quid
418 1559 519 1600 noui
540 1559 607 1599 uel
630 1573 722 1600 sero
744 1559 1020 1613 inuenissem,
1054 1560 1300 1614 praecipere
1328 1559 1374 1600 in
1395 1562 1611 1614 posterum
1633 1562 1824 1616 puderet.

218 1640 333 1667 1111110
364 1641 465 1667 11010
497 1627 584 1667 3010
616 1627 658 1667 111
690 1628 781 1668 11011
814 1627 925 1682 apud
958 1627 1163 1681 Graecos,
1205 1627 1278 1668 sed
1316 1628 1455 1683 magis
1486 1643 1563 1683 per
1594 1629 1823 1685 adiutores,

218 1695 316 1748 quia
358 1709 445 1735 11011
491 1695 693 1735 uidentur
738 1698 933 1750 tempora
981 1695 1232 1749 suffectura,
1279 1696 1313 1736 si
1360 1696 1603 1750 legentibus
1643 1698 1826 1753 singulis

178 1764 205 1804 4
218 1762 384 1816 praeire
416 1777 583 1817 semper
615 1763 697 1817 ipsi
729 1764 879 1805 uelint.
940 1765 981 1804 et
1019 1763 1190 1804 hercule
1221 1764 1474 1818 praelectio,
1516 1779 1623 1819 quae
1660 1766 1705 1806 in
1744 1766 1826 1808 hoe

220 1830 468 1885 adhibetur,
510 1833 557 1871 ut
588 1831 715 1872 facile
747 1833 873 1886 atque
905 1832 1108 1872 distincte
1139 1832 1259 1886 pueri
1291 1832 1451 1886 scripta
1482 1833 1614 1874 oculis
1647 1849 1824 1889 sequan-
1843 1850 1877 1875 25

218 1900 304 1951 tur,
339 1898 468 1939 etiam
500 1899 589 1951 illa,
621 1914 728 1953 quae
750 1900 837 1940 uim
861 1900 1062 1954 cuiusque
1092 1900 1226 1953 uerbi,
1260 1900 1295 1941 si
1327 1901 1436 1955 quod
1458 1902 1599 1942 minus
1621 1903 1825 1944 usitatum

218 1966 399 2019 incidat,
443 1967 588 2021 docet,
629 1968 812 2008 multum
843 1968 958 2008 infra
988 1967 1172 2008 rhetoris
1204 1968 1392 2009 officium
1433 1969 1715 2012 existimanda
1747 1974 1822 2013 est.

178 2036 263 2078 [iat
294 2034 587 2076 demonstrare
619 2037 799 2077 uirtutes
831 2036 912 2089 uel,
947 2036 981 2076 si
1013 2036 1181 2090 quando
1212 2037 1273 2076 ita
1304 2036 1479 2089 incidat,
1513 2038 1633 2092 uitia,
1667 2039 1707 2079 id
1729 2054 1824 2094 pro-

217 2102 417 2144 fessionis
450 2103 537 2144 eius
570 2106 696 2157 atque
728 2104 938 2157 promissi,
972 2118 1053 2158 quo
1086 2119 1128 2145 30
1160 2104 1415 2158 magistrum
1447 2106 1715 2160 eloquentiae
1736 2108 1823 2162 pol-

219 2170 371 2211 licetur
383 2204 393 2224 ,
438 2172 621 2212 maxime
659 2173 878 2225 proprium
919 2175 1002 2225 est,
1047 2186 1095 2212 eo
1134 2172 1302 2226 quidem
1340 2172 1545 2227 ualidius,
1587 2175 1697 2228 quod
1736 2190 1823 2217 non
1843 2191 1875 2216 30

219 2238 364 2293 utique
396 2239 512 2280 hunc
543 2240 732 2280 laborem
755 2240 1001 2281 docentium
1022 2240 1205 2293 postulo,
1239 2243 1286 2280 ut
1308 2240 1360 2280 ad
1382 2241 1591 2295 gremium
1613 2245 1823 2285 reuocatis

178 2306 338 2349 Genius
370 2308 545 2362 quisque
585 2322 727 2349 eorum
768 2308 873 2349 uelit
911 2308 1008 2348 libri
1040 2308 1222 2349 lectione
1262 2308 1519 2350 deseruiant.
1579 2325 1679 2351 nam
1717 2312 1823 2352 mihi

308 2400 339 2431 8.
355 2379 412 2431 v<10
440 2400 543 2432 Orat.
570 2404 601 2441 3,
622 2403 674 2441 24,
693 2403 746 2433 93.

309 2482 329 2511 2
354 2492 374 2511 (ι
402 2480 604 2512 dialecticis
629 2480 658 2510 A
752 2481 822 2511 iam
850 2482 869 2511 b
963 2482 983 2512 4
1010 2481 1211 2522 phalaerea
1229 2480 1269 2512 A¹
1367 2482 1564 2514 constabat
1588 2480 1645 2514 Ab
1739 2487 1758 2515 6
1784 2484 1821 2516 hi

218 2525 280 2555 AB
375 2527 394 2557 9
422 2524 508 2569 fuit]
535 2528 687 2568 sequilm·
713 2527 744 2557 in
770 2527 833 2556 AB
860 2528 1058 2567 2'11,s·e⁷·1·1nz'0.·
1091 2528 1146 2558 De
1174 2527 1333 2558 lectione
1361 2531 1544 2559 oratorum
1570 2533 1607 2560 et
1632 2529 1821 2561 historico-

219 2580 295 2601 rum
323 2570 575 2610 (historiarum
601 2569 642 2613 B)
669 2572 763 2613 apud
791 2572 971 2603 rhetorem
1068 2574 1109 2603 10
1136 2573 1245 2613 paulo
1272 2573 1315 2603 B:
1343 2573 1489 2614 paulum
1515 2574 1582 2613 Ab,
1609 2576 1672 2605 sed
1698 2573 1717 2605 11
1740 2576 1768 2606 A
1787 2578 1820 2607 in

218 2628 287 2649 rus.
315 2627 356 2647 m.
376 2618 396 2647 2
493 2619 533 2649 13
559 2618 775 2648 discentium
801 2618 830 2647 A
925 2628 945 2648 a
971 2628 1031 2649 om.
1059 2618 1111 2657 Bg
1206 2620 1246 2649 14
1272 2619 1346 2659 ipse
1363 2616 1392 2647 A
1484 2619 1634 2651 istoriae
1661 2619 1720 2659 Bn,
1747 2625 1819 2653 sto-

220 2662 296 2692 riae
323 2662 375 2701 Bg
402 2664 473 2695 Im.
571 2665 611 2694 15
637 2667 824 2704 susceptos
850 2674 869 2693 a
894 2674 930 2694 se
956 2663 1146 2704 discipulos
1171 2661 1200 2693 A
1307 2665 1347 2695 18
1374 2663 1467 2704 quod
1495 2668 1531 2695 et
1557 2664 1669 2706 longa
1694 2683 1735 2686 —
1763 2678 1820 2698 se—

220 2707 426 2746 quebantur
452 2708 500 2738 Bn
525 2708 559 2739 in
584 2720 689 2748 mara.
715 2719 755 2738 m.
771 2711 792 2739 2
817 2710 880 2739 sed
905 2709 1050 2739 eiusdem
1076 2712 1200 2739 (celatis
1332 2710 1370 2739 21
1401 2709 1493 2749 quod
1519 2709 1548 2739 A
1575 2711 1645 2742 lm.
1777 2713 1821 2743 24

220 2751 415 2797 praelecciq
440 2752 469 2782 A
562 2754 604 2784 26
632 2753 725 2794 quod
744 2754 782 2790 A,
808 2755 871 2784 sed
894 2765 913 2783 0
940 2755 973 2784 ἰη
997 2765 1068 2784 ras.
1163 2755 1205 2785 27
1232 2752 1465 2785 officiumst*
1492 2754 1649 2787 uirtutes
1667 2756 1705 2790 A.
1734 2768 1819 2798 qnae

219 2797 337 2827 desunt
361 2799 531 2838 supplem]
558 2802 630 2831 2711.
726 2801 769 2831 30
795 2798 939 2830 1101111113
964 2799 1013 2829 Bn
1040 2801 1110 2833 Im,
1211 2801 1251 2830 31
1280 2798 1485 2830 docentium
1510 2798 1540 2829 A
1565 2811 1626 2832 om.
1656 2803 1727 2834 Im.

219 2843 261 2872 :3²2
289 2842 390 2873 cuius
417 2844 570 2883 quisque
599 2855 720 2876 eorum
747 2844 836 2875 uelit
862 2844 945 2875 libri
971 2845 1014 2875 B:
1043 2846 1219 2885 cuiusque
1249 2854 1370 2876 eorum
1397 2843 1522 2875 liberis
1547 2843 1614 2885 Ab,
1643 2846 1818 2888 cuiusque

222 2886 348 2917 liberis
376 2888 414 2918 G.
434 2888 610 2921 Hermann
636 2891 729 2931 aput!
748 2890 933 2932 illegserum,
961 2890 1063 2922 cuius
1091 2891 1222 2932 cuique
1249 2899 1371 2922 eorum
1397 2889 1547 2922 libuerit
1571 2890 1655 2923 libri
1674 2892 1819 2924 Meister

218 2933 250 2963 ite
281 2932 444 2974 l’let'loloyi
462 2936 490 2970 S,
512 2936 575 2966 132
