1939 3180
221 112 299 152 188
740 115 1033 155 QUINTILIANI
1064 114 1182 144 ms'r.
1218 114 1291 143 on.

217 224 382 265 iambus
413 220 614 262 humilior
642 219 851 272 uideatur,
884 216 1133 259 trochaeum
1153 217 1200 257 ut
1230 215 1358 256 nimis
1381 216 1622 256 currentem
1644 214 1818 254 damnet

219 292 338 346 eique
371 289 559 331 cordacis
590 302 747 329 nomen
788 286 990 340 inponat,
1032 284 1273 339 eademque
1299 283 1445 325 dicant
1475 282 1738 325 Theodectes
1768 295 1817 322 ac

151 361 204 402 89
219 358 555 412 Theophrastus,
589 355 744 397 similia
775 356 872 409 post
903 368 972 395 eos
995 352 1349 394 Halicarnasseus
1375 350 1627 405 Dionysius:
1658 349 1817 390 inrum-

218 428 324 482 pent
355 426 484 467 etiam
517 425 569 466 ad
599 423 781 477 inuitos,
829 419 909 463 nec
935 433 1108 475 *semper
1137 420 1223 463 illis
1254 420 1382 460 heroo
1419 420 1493 459 aut
1531 431 1696 472 paeane
1728 431 1816 471 suo,

218 509 355 550 quem,
389 493 487 548 quia
517 507 686 534 uersum
717 505 812 532 raro
842 490 970 543 facit,
1011 489 1195 538 maxime
1222 482 1426 547 vlaudant,
1458 486 1522 526 uti
1551 485 1711 527 licebit.
1773 487 1820 525 ut
1838 500 1854 527 5

219 564 307 605 sint
336 565 480 604 tamen
512 560 606 602 aliis
638 559 711 600 alii
744 558 1000 611 crebriores,
1039 571 1127 598 non
1158 556 1290 597 uerba
1319 555 1502 608 facient,
1543 566 1651 608 quae
1681 567 1819 607 neque

219 631 366 687 augeri
397 644 477 671 nec
508 628 644 670 minui
675 642 754 669 nec
786 626 911 668 sicuti
943 630 1027 668 toni
1053 624 1343 666 modulatione
1373 622 1550 678 produci
1572 623 1645 662 aut
1667 621 1821 675 corripi

151 703 206 744 90
218 701 412 755 possunt,
445 697 518 739 sed
548 695 853 738 transmutatio
885 696 927 736 et
959 693 1209 735 conlocatio.
1254 692 1452 749 ,plerique
1484 690 1597 731 enim
1629 704 1679 731 ex
1713 703 1821 730 com-

219 767 411 810 missuris
443 780 588 808 eorum
610 765 677 807 uel
701 764 909 805 diuisione
940 763 1051 803 fiunt
1081 761 1232 816 pedes:
1265 774 1347 815 quo
1378 760 1428 800 fit
1457 760 1505 799 ut
1525 758 1659 799 isdem
1682 757 1821 798 uerbis

221 838 294 879 alii
325 839 451 891 atque
484 834 556 876 alii
587 847 734 875 uersus
765 833 895 886 fiant,
935 832 983 872 ut
1021 829 1197 872 memini
1229 828 1442 884 quendam
1472 841 1547 868 non
1588 825 1822 881 ignobilem
1844 842 1874 866 io

220 907 391 961 poetam
422 903 553 945 talem
585 916 799 944 exarasse:

308 975 450 1014 astra
481 973 631 1013 tenet
664 969 889 1024 caelum,
922 982 1060 1009 mare
1095 967 1318 1020 classes,
1353 979 1473 1007 area
1504 977 1733 1008 messem.

220 1043 291 1084 hic
322 1043 555 1083 retrorsum
575 1040 624 1080 fit
646 1038 857 1091 sotadeus,
891 1037 1076 1091 itemque
1097 1050 1118 1077 e
1140 1034 1311 1077 sotadeo
1334 1034 1420 1075 exit
1441 1036 1555 1075 retro
1586 1034 1823 1074 trimetros:

463 1111 624 1163 caput
655 1106 894 1148 exseruit
925 1105 1119 1146 mobile
1150 1103 1307 1159 pinus
1338 1103 1589 1157 repetita.

154 1183 205 1225 91
222 1178 430 1221 miscendi
462 1191 563 1232 ergo
595 1178 696 1218 sunt
728 1175 1046 1228 curandumque
1076 1175 1124 1214 ut
1155 1173 1243 1213 sint
1274 1171 1429 1226 plures,
1462 1170 1532 1224 qui
1564 1169 1751 1224 placent,
1785 1170 1827 1210 et
1848 1182 1877 1205 151

224 1246 470 1290 circumfusi
500 1245 623 1286 bonis
661 1244 891 1285 deteriores
931 1244 1109 1283 lateant.
1170 1255 1250 1282 nec
1286 1254 1388 1281 uero
1426 1239 1471 1280 in
1510 1238 1665 1279 litteris
1703 1237 1847 1292 sylla<

224 1317 371 1371 bisque
410 1316 567 1355 natura
606 1314 816 1366 mutatur,
863 1311 935 1352 sed
974 1310 1119 1365 refert,
1165 1324 1270 1364 quae
1318 1323 1412 1350 cum
1457 1321 1622 1362 quaque
1668 1306 1826 1360 optime

224 1386 357 1427 coeat.
408 1382 638 1437 plurimum
668 1381 804 1437 igitur
835 1378 1118 1432 auctoritatis,
1152 1380 1199 1419 ut
1231 1376 1330 1431 dixi,
1363 1378 1405 1417 et
1435 1375 1635 1430 ponderis
1665 1374 1828 1415 habent

223 1454 399 1508 longae,
444 1450 673 1492 celeritatis
704 1450 878 1490 breues:
918 1462 1026 1502 quae
1057 1447 1092 1488 si
1123 1447 1356 1487 miscentur
1387 1443 1639 1499 quibusdam
1668 1443 1825 1498 longis,

156 1526 210 1567 92
226 1523 415 1575 currunt,
448 1520 482 1560 si
515 1519 844 1570 continuantur,
887 1516 1096 1558 exultant.
1160 1529 1277 1555 acres
1317 1527 1423 1568 quae
1462 1527 1511 1553 ex
1543 1511 1743 1553 breuibus
1775 1511 1826 1552 ad
1847 1523 1880 1547 ‘20

224 1591 377 1645 longas
407 1589 660 1643 insurgunt,
702 1586 885 1628 leniores
917 1599 1023 1640 quae
1056 1599 1080 1624 a
1111 1583 1253 1638 longis
1283 1583 1330 1623 in
1366 1581 1516 1622 breues
1548 1580 1825 1622 descendunt.

225 1659 383 1714 optime
414 1656 622 1711 incipitur
644 1671 668 1698 a
689 1655 845 1711 longis,
879 1639 993 1695 recte
1016 1651 1245 1707 aliquando
1268 1666 1301 1693 a.
1318 1650 1531 1701 breuibus,
1563 1651 1611 1690 ut
1641 1663 1829 1690 nouum

316 1800 369 1830 ⁵22.
396 1809 428 1840 p.
455 1797 537 1838 Lig.
566 1793 584 1832 ξ
612 1797 642 1829 1.

319 1927 335 1955 l
362 1923 534 1955 humilior
561 1923 600 1953 Ρ.
633 1921 805 1952 Victorius
830 1925 863 1951 et
889 1919 1068 1950 Pithoeus:
1094 1917 1287 1948 humanior
1310 1916 1398 1954 libri,
1424 1915 1469 1955 ef.
1492 1914 1559 1948 cie.
1577 1914 1674 1946 Orat.
1693 1917 1747 1953 57,
1768 1915 1830 1944 192

317 1969 505 2001 trocheum
532 1968 600 2007 As,
627 1966 817 2007 tropheum
844 1966 927 2005 GM,
956 1964 1126 1995 choreum
1153 1963 1276 2003 li'egyz‘us
1369 1961 1476 1992 minis
1502 1961 1571 1990 GM
1642 1959 1831 1990 damnate-

227 2027 294 2058 que
321 2016 386 2046 AG
500 2016 518 2044 2
548 2012 740 2044 chordacis
765 2011 884 2050 AGM,
912 2009 1106 2041 ahordacis
1131 2009 1150 2038 S
1244 2008 1423 2049 inponant
1446 2004 1599 2036 AiGMS
1692 2007 1712 2037 3
1738 2004 1831 2035 hali-

229 2070 430 2093 ‹·arnaseus
457 2059 644 2101 dyonisius
670 2059 722 2097 M,
756 2056 993 2087 halicarnase
1022 2054 1113 2096 (—ses
1140 2054 1174 2093 a)
1203 2053 1391 2093 dyonisius
1416 2052 1498 2092 AG,
1533 2051 1609 2082 alia
1637 2060 1768 2082 carnas
1796 2053 1833 2080 et

228 2107 408 2139 dionisius
434 2107 453 2136 S
562 2105 764 2145 irrumpent
789 2106 911 2133 tamen
939 2101 964 2132 ii
991 2102 1102 2131 etiam
1128 2099 1269 2130 malebat
1297 2098 1462 2139 Spalding
1578 2098 1598 2128 4
1625 2096 1671 2127 ad
1697 2095 1833 2126 inuitos

232 2155 361 2184 Aldus:
390 2151 534 2182 adiutos
561 2149 664 2189 AGS,
692 2148 862 2179 deuintos
879 2148 925 2185 M,
952 2147 989 2178 in
1017 2146 1209 2177 adiunctos
1235 2154 1256 2175 a
1349 2143 1459 2174 heroo
1485 2152 1522 2172 a:
1550 2142 1636 2173 hero
1654 2142 1694 2180 A,
1721 2141 1832 2172 hereo

229 2201 275 2237 M,
302 2208 389 2229 uero
417 2198 443 2227 G
470 2196 551 2235 (nec
578 2205 665 2225 uero
694 2194 765 2225 illis
792 2203 935 2232 semper
962 2196 1025 2224 aut
1050 2192 1083 2230 S)
1216 2200 1358 2231 paeane
1385 2198 1421 2219 a:
1450 2198 1592 2229 paeane
1618 2188 1660 2227 A,
1688 2197 1832 2228 pacano

229 2246 294 2276 Gs.
324 2253 442 2284 peano
460 2243 495 2271 M
590 2242 608 2272 6
635 2241 708 2271 sint
733 2249 770 2270 a:
799 2239 845 2269 sit
862 2238 997 2268 AGMS
1092 2238 1109 2268 7
1137 2236 1215 2267 toni
1239 2235 1410 2276 suppleuit
1429 2234 1539 2265 Christ
1634 2233 1653 2263 8
1681 2234 1834 2273 possunt

229 2290 373 2324 AGMS,
401 2293 435 2319 ut
460 2288 546 2318 (⁴0⁴7zz'.
574 2285 761 2327 Spaldinss:
788 2283 931 2326 possint
956 2285 1038 2315 dett.
1066 2286 1096 2314 ec
1123 2289 1144 2316 ς
1238 2282 1257 2312 9
1283 2280 1412 2311 iisdem
1440 2287 1460 2314 ς
1564 2280 1603 2310 10
1630 2277 1694 2308 alii
1721 2280 1832 2317 atque

230 2336 296 2367 alii
321 2335 430 2365 MSa:
459 2332 535 2363 alia
563 2335 670 2373 atque
697 2331 747 2362 ali
772 2331 837 2360 AG
976 2339 1047 2360 non
1074 2328 1154 2358 MS:
1180 2338 1241 2359 om.
1268 2327 1342 2364 AG,
1367 2326 1452 2366 fort.
1481 2324 1577 2355 haud
1604 2323 1725 2364 ignob.

232 2384 267 2412 11
297 2381 410 2411 talem
440 2387 614 2409 exarasse
638 2377 779 2417 scripsi.-
819 2375 1043 2406 taielarasse
1071 2375 1115 2411 G,
1153 2371 1274 2403 taliter
1305 2373 1427 2403 lusisse
1453 2371 1499 2409 A,
1538 2371 1591 2400 ita
1625 2368 1833 2401 declarasse

231 2426 414 2463 ‹Qdeclaras
440 2425 489 2459 M)
516 2425 587 2457 MS,
616 2423 670 2453 ita
696 2421 829 2452 lusisse
857 2430 888 2460 ς,
915 2422 961 2461 ef.
982 2421 1074 2450 Suel.
1094 2419 1187 2449 Nero
1206 2420 1249 2449 52
1372 2418 1409 2447 12
1438 2426 1524 2446 area
1549 2416 1635 2454 AM,
1661 2415 1724 2445 sed
1746 2414 1775 2443 A
1800 2414 1833 2444 in

229 2483 298 2504 ras.
325 2480 434 2502 sarea
461 2470 499 2507 G,
528 2479 614 2499 aera
640 2469 659 2498 S
757 2469 795 2498 155
823 2478 839 2498 e
867 2478 927 2499 om.
957 2465 1033 2496 libri
1143 2464 1216 2494 exit
1243 2467 1338 2494 retro
1365 2462 1550 2493 trimetros
1575 2461 1719 2500 scripsi:
1747 2459 1834 2490 adiu

229 2518 338 2557 (adiit
363 2516 396 2554 a)
427 2518 522 2546 retro
549 2515 731 2545 trimetros
756 2513 802 2552 A,
836 2510 1193 2543 adiuretrorimetros
1219 2509 1261 2546 G,
1295 2507 1440 2539 adiuret
1466 2506 1676 2538 rorimetros
1702 2505 1738 2541 S,
1772 2503 1832 2534 ad-

230 2564 329 2594 iuret
354 2561 477 2592 rethro
504 2563 638 2591 metros
663 2560 698 2588 M
817 2560 857 2589 14
885 2556 1047 2588 exseruit
1072 2556 1115 2586 G:
1143 2555 1285 2585 exeruit
1310 2554 1438 2586 AMch
1554 2551 1686 2582 mobile
1712 2551 1737 2580 G

233 2610 270 2640 16
299 2607 503 2639 deteriores
530 2606 613 2639 AM,
641 2605 703 2635 sed
728 2603 811 2634 dete
837 2604 867 2633 A
892 2604 923 2634 in
950 2613 1019 2635 ras,
1049 2600 1251 2631 aeteriores
1278 2599 1315 2635 G,
1344 2598 1550 2630 anteriores
1575 2598 1594 2627 S
1705 2596 1743 2626 17
1771 2592 1833 2624 sed

233 2655 344 2684 GMS:
374 2662 437 2682 seu
465 2652 493 2681 A
603 2652 746 2690 quaque
772 2647 852 2679 A¹G
972 2648 1011 2679 18
1037 2645 1207 2687 ponderis
1232 2646 1271 2675 S:
1300 2643 1474 2675 conderes
1501 2644 1539 2680 G,
1569 2641 1780 2672 conditurae
1806 2638 1834 2668 A

230 2702 262 2730 in
287 2710 356 2731 ras,
384 2709 424 2728 m.
442 2699 462 2727 2
491 2695 670 2737 comperis
696 2695 742 2734 M,
769 2695 814 2734 es,
842 2694 1020 2725 Diomedes
1046 2704 1077 2732 J).
1099 2692 1173 2726 467,
1199 2694 1218 2720 5
1238 2690 1283 2722 Κ.
1427 2690 1466 2719 19
1493 2688 1599 2727 longe
1627 2686 1773 2726 (longae
1800 2685 1833 2722 a)

233 2770 237 2774 .
266 2771 272 2778 .
300 2745 508 2783 breuesque
537 2741 565 2771 si
591 2741 697 2771 AGM
791 2741 833 2770 20
861 2749 964 2770 acres
991 2739 1053 2778 qui
1073 2754 1114 2758 -—
1134 2735 1293 2767 leniores
1321 2735 1380 2775 qui
1415 2733 1474 2773 (δι’.
1504 2732 1627 2774 pedes)
1655 2730 1834 2771 Spalsliny,

230 2791 293 2821 secl
319 2799 412 2830 quae
446 2806 488 2810 —
516 2797 606 2828 quac
634 2798 653 2816 a
680 2786 841 2817 Diomede
867 2794 996 2827 quoque
1022 2785 1179 2822 firmatur
1316 2782 1357 2810 21
1391 2779 1521 2818 longas
1554 2777 1747 2817 insurgunt
1771 2776 1834 2804 Sa:

232 2836 341 2872 longa
369 2834 453 2866 sixxt
479 2834 632 2873 surgunt
658 2832 701 2871 G,
734 2831 810 2862 item
834 2830 874 2860 A'
910 2835 944 2861 uc
970 2830 1118 2867 uidetur,
1150 2827 1261 2867 longa
1287 2826 1481 2862 insurgunt
1505 2824 1539 2852 Μ
1679 2820 1836 2851 leuiorvs

232 2881 379 2919 AGMS,
411 2881 487 2909 item
514 2879 611 2908 vmlrl.
645 2877 822 2913 Diomedis,
851 2887 910 2907 em.
941 2875 1061 2914 Hessius
1155 2870 1377 2903 descendunt
1394 2870 1457 2898 MS
1483 2873 1515 2898 et
1542 2868 1738 2898 Diomedes:
1765 2865 1835 2896 dis-

235 2925 369 2956 cedunt
397 2925 461 2954 AG
593 2925 633 2953 22
661 2934 681 2953 a
710 2921 882 2952 breuibus
908 2922 1017 2950 MSa:
1046 2930 1066 2950 a
1092 2930 1153 2951 om.
1180 2918 1255 2956 AG,
1284 2926 1304 2946 a
1333 2914 1433 2945 breui
1459 2914 1544 2946 coni.
1572 2913 1739 2953 Spalding]

239 2980 359 3001 nonum
384 2970 424 3008 A,
453 2968 593 3000 nociein
620 2968 657 3008 G,
684 2967 851 2998 nociincn
876 2967 911 2996 M
