1987 3212
291 110 370 151 18ss
809 116 1101 156 QUINTILIANI
1131 116 1248 148 msr.
1283 116 1356 147 ou.

286 237 376 265 esse
408 238 432 263 a
463 237 507 263 se
538 220 581 262 id
611 220 778 262 facinus
810 218 1062 273 adinissum,
1102 218 1175 260 sed
1214 218 1294 260 sibi
1332 217 1471 259 nullas
1512 232 1605 259 eum
1637 217 1768 259 Aiace
1799 217 1877 258 ini-

284 291 468 333 micitias
499 289 650 330 fuisse:
682 288 733 329 de
764 288 888 329 laude
914 287 1032 334 >inter
1061 287 1175 342 ipsos
1208 288 1434 329 certatum:
1467 285 1618 327 deinde
1640 284 1876 339 subiungit,

283 373 363 414 quo
394 357 516 399 modo
548 357 593 398 111
625 371 718 398 eam
757 355 1029 397 solitudinem
1068 355 1237 396 uenerit
1245 350 1509 409 ,iacentem
1546 353 1784 396 examinem
1822 353 1878 394 sit

284 426 569 481 conspicatus,
602 424 792 479 gladium
824 438 845 465 e
877 424 1065 465 uulneres
1084 417 1327 465 extraxerit.
1386 422 1451 463 his
1483 421 1722 464 subtexitur
1753 434 1876 475 argu-

218 494 500 536 llmentatio.
554 493 626 534 sed
656 507 710 534 ne
741 492 844 533 illud
876 491 1045 546 quidem
1075 491 1166 532 sine
1188 490 1434 532 narratione
1456 492 1533 543 est,
1566 489 1734 530 dicente
1757 502 1907 529 acen-f

280 565 441 605 satore:
473 561 613 602 ‘fuisti
645 561 691 602 in
722 574 769 601 eo
799 560 905 614 loeo,
936 561 982 601 in
1013 573 1094 614 quo
1123 558 1440 615 tuuslinimieus
1462 557 1624 599 occisus
1647 558 1732 597 est'
1766 558 1877 597 ‘non

279 632 387 672 fui':
420 629 646 671 dicendum
678 629 806 682 enim,
838 628 911 668 ubi
959 627 1102 669 fuerit.
1155 640 1283 681 quare
1304 626 1499 667 ambitus
1529 639 1693 680 quoque
1726 638 1876 665 causae

280 701 323 740 et
352 698 684 753 repetundarum
714 696 794 737 hoe
825 696 956 737 etiam
986 695 1127 749 plures
1158 693 1399 735 huiusmodi
1429 693 1698 735 narrationes
1719 691 1876 733 habere

279 767 502 822 poterunt,
542 779 623 820 quo
661 764 784 819 plura
823 763 1020 804 erimina:
1060 764 1105 803 in
1145 762 1296 816 quibus
1335 762 1429 816 ipsa
1469 760 1637 815 quidem
1675 760 1876 815 neganda

280 837 402 889 sunt,
434 833 507 875 sed
539 832 802 887 argumentis
834 831 1096 886 expositione
1129 829 1344 872 contraria
1373 829 1656 871 resistendum
1689 830 1773 882 est,
1814 828 1876 869 in-

217 903 446 947 15terdum
477 901 672 956 singulis,
705 900 918 941 interdum
949 898 1173 940 uniuersis.
1227 913 1282 939 an
1312 912 1408 939 reus
1440 897 1623 938 ambitus
1651 896 1760 937 male
1781 910 1876 937 nar-

281 972 406 1024 rabit,
439 984 542 1025 quos
573 971 773 1023 parentes
795 967 1005 1021 habuerit,
1039 966 1392 1021 quemadmodum
1412 966 1502 1020 ipse
1525 965 1692 1019 uixerit,
1725 964 1877 1019 quibus

281 1039 442 1081 meritis
473 1037 607 1078 fretus
638 1032 697 1078 ad
719 1036 971 1091 petitionem
1003 1034 1268 1076 descenderit
1279 1034 1300 1075 ἶ)
1351 1036 1425 1075 aut
1455 1033 1526 1089 qui
1539 1032 1877 1087 *repetundarum

282 1106 621 1160 insimulabitur,
662 1119 749 1146 non
787 1097 829 1146 et
869 1105 968 1144 ante
1012 1104 1152 1144 aetam
1190 1102 1344 1156 uitam,
1386 1104 1428 1143 et
1465 1101 1616 1156 quibus
1656 1101 1706 1141 de
1739 1100 1876 1141 causis

282 1175 547 1231 prouinciam
577 1173 822 1215 uniuersam
852 1171 920 1212 uel
942 1173 1231 1212 accusatorem
1253 1173 1327 1211 aut
1347 1172 1499 1211 testem
1521 1168 1758 1222 offenderit,
1792 1168 1875 1209 non
1913 1183 1927 1206 r,

220 1244 267 1285 16
283 1244 492 1286 inutiliter
531 1242 745 1297 exponet?
803 1254 909 1295 quae
948 1240 983 1280 si
1021 1239 1210 1280 narratio
1249 1254 1336 1280 non
1375 1239 1460 1291 est,
1501 1252 1554 1278 ne
1595 1237 1669 1278 illa
1708 1236 1876 1291 quidem

283 1311 500 1355 Ciceronis
531 1324 606 1364 pro
629 1309 824 1351 Cluentio
856 1307 1006 1362 prima,
1041 1308 1158 1348 euius
1190 1309 1254 1348 est
1283 1306 1475 1347 initium:
1508 1306 1560 1347 A.
1595 1304 1876 1347 Cluentius

283 1380 530 1421 Habitus.
583 1378 693 1418 nihil
724 1376 838 1418 enim
868 1375 939 1417 hie
969 1377 1018 1416 de
1051 1376 1270 1429 ueneficio,
1305 1374 1377 1415 sed
1408 1374 1458 1415 de
1482 1373 1633 1426 causis,
1666 1372 1817 1427 quibus
1840 1372 1877 1412 ei

219 1449 266 1489 17
282 1451 418 1490 mater
448 1446 623 1488 inimica
653 1446 721 1499 sit,
755 1444 872 1485 dicit.
933 1443 1041 1484 aliae
1072 1458 1236 1498 quoque
1274 1444 1374 1484 sunt
1403 1441 1667 1496 pertinentes
1699 1440 1751 1481 ad
1783 1455 1876 1481 eau-

286 1532 388 1570 sam,
421 1515 493 1557 sed
524 1528 611 1555 non
642 1513 775 1568 ipsius
808 1526 957 1554 causae
988 1512 1276 1565 narrationes,
1318 1510 1386 1551 uel
1418 1509 1598 1564 exempli
1629 1508 1791 1563 gratia,
1830 1510 1877 1549 ut

284 1586 328 1626 in
358 1584 537 1626 Verrem
569 1582 619 1623 de
650 1581 697 1623 L.
731 1581 932 1635 Domitio,
971 1580 1042 1635 qui
1072 1581 1299 1635 pastorem,
1340 1577 1450 1633 quod
1481 1578 1516 1619 is
1547 1591 1716 1632 aprum,
1754 1591 1878 1631 quem

283 1653 365 1708 ipsi
396 1651 560 1693 muneri
592 1650 830 1704 optulerat,
871 1650 1094 1703 exceptum
1135 1662 1224 1689 esse
1263 1663 1287 1688 a
1325 1661 1368 1688 se
1407 1645 1620 1687 uenabulo
1661 1644 1877 1686 confessus

220 1723 268 1763 is
285 1723 415 1775 esset,
464 1720 509 1760 in
550 1732 717 1760 erucem
758 1717 951 1758 sustulit:
999 1717 1067 1757 uel
1106 1714 1359 1757 discutiendi
1398 1714 1575 1755 alieuius
1614 1713 1877 1754 extrinsecus

285 1789 489 1842 criminis,
522 1789 568 1828 ut
598 1801 674 1841 pro
705 1785 880 1826 Rabirio
912 1785 1131 1826 Postumo:
1174 1799 1287 1825 nam
1320 1785 1372 1824 ut
1402 1784 1615 1823 uentum
1646 1780 1876 1822 Alexan-

1897 845 1927 868 lu
1962 825 1969 832 ⁴

1897 1523 1930 1546 30

285 1857 449 1898 driam
489 1856 588 1908 est,
634 1853 859 1907 iudices,
899 1853 1028 1894 haee
1068 1868 1169 1894 una
1209 1852 1349 1892 ratio
1390 1866 1414 1891 a
1444 1864 1567 1904 rege
1599 1848 1877 1903 proposita
1896 1864 1927 1887 25·

284 1925 529 1966 l’ostumo
569 1924 647 1963 est
692 1922 986 1963 seruandae
1032 1920 1312 1975 pecuniae,
1360 1919 1405 1959 si
1453 1917 1784 1959 curationem
1830 1917 1878 1956 et

285 1992 434 2048 quasi
465 1990 926 2045 dispensationem
958 1990 1156 2044 regiani
1189 1987 1537 2042 suscepisset:
1576 1985 1643 2027 uel
1676 1983 1875 2040 augendi,

287 2062 332 2102 ut
362 2059 616 2101 describitur
645 2059 727 2099 iter
756 2058 917 2100 Verris.

223 2132 272 2172 15}
399 2127 519 2168 Ficta
550 2127 720 2168 interim
753 2127 942 2168 narratio
980 2125 1190 2166 introduci
1232 2124 1360 2177 solet,
1402 2123 1468 2164 uel
1507 2124 1559 2164 ad
1600 2120 1876 2163 concitandos

380 2256 429 2286 17.
456 2266 486 2287 e.
514 2256 542 2291 Γ),
576 2256 624 2286 11.
719 2255 773 2286 21.
801 2254 844 2293 V,
873 2264 902 2286 e.
928 2255 958 2284 3.
1054 2253 1106 2283 24.
1135 2263 1163 2283 e.
1194 2253 1246 2290 10,
1274 2252 1326 2281 ⁶28.
1422 2252 1475 2282 28.
1503 2249 1604 2282 Verr.
1630 2248 1671 2285 V,
1700 2259 1729 2279 c.
1761 2249 1798 2279 10
1823 2256 1877 2287 sq.

381 2371 395 2400 1
425 2380 446 2400 a
471 2379 509 2400 so
536 2380 595 2399 mu.
621 2370 641 2398 b
735 2366 855 2398 nullus
880 2368 909 2397 A
934 2367 965 2397 in
991 2376 1060 2397 ras.
1090 2367 1107 2396 l
1126 2376 1167 2396 m,
1284 2366 1303 2395 2
1329 2364 1431 2405 ipsos
1456 2363 1536 2393 AB:
1564 2372 1687 2394 omnes
1713 2363 1738 2391 T
1764 2359 1877 2401 (lec-tio

287 2417 307 2446 b
334 2426 434 2446 erasa
460 2417 525 2453 est)
640 2414 661 2444 4
687 2412 836 2443 uolnere
862 2413 890 2442 A
983 2411 1175 2442 etti-axorit
1200 2408 1240 2440 A¹
1359 2412 1378 2441 Γ)
1405 2408 1468 2439 sed
1493 2409 1568 2442 Ab:
1596 2410 1631 2439 et
1654 2408 1680 2437 B
1797 2408 1816 2437 0
1842 2407 1878 2436 in

288 2471 359 2501 qua
384 2462 404 2491 b
498 2462 517 2490 ἑ)
545 2460 741 2500 potuerunt
764 2459 792 2488 A
886 2456 977 2498 quod
1006 2457 1126 2496 [lefsius
1220 2453 1364 2496 quidam
1391 2452 1430 2484 A¹
1547 2456 1587 2485 10
1613 2456 1669 2484 est
1693 2452 1879 2493 Spaldimj:

289 2511 325 2537 et
349 2507 411 2536 AB
541 2508 580 2536 123
607 2504 685 2546 quis
710 2504 749 2544 Β,
776 2504 806 2534 si
833 2504 912 2543 quis
938 2513 1028 2533 corr.
1056 2503 1080 2532 T
1196 2500 1478 2542 repetuinlaruni
1504 2499 1573 2530 ins.
1600 2499 1643 2528 B:
1671 2499 1784 2538 repet.
1813 2498 1878 2527 eri-

290 2552 382 2582 niine
410 2552 479 2583 ins.
505 2551 573 2589 Ab,
601 2550 663 2581 sed
686 2550 714 2580 A
741 2549 892 2579 erimine
919 2548 955 2577 in
981 2549 1012 2577 1'11
1040 2557 1109 2578 ras.
1137 2548 1273 2577 miinoris
1297 2547 1401 2587 slmlil'
1496 2545 1535 2574 14
1561 2544 1603 2575 de
1629 2544 1703 2574 Ab:
1730 2542 1831 2574 mn.B

294 2600 330 2627 15
356 2596 581 2638 prouinciam
612 2595 757 2626 llmlins:
783 2604 847 2635 per
873 2593 1098 2633 prouinciam
1124 2592 1216 2629 litu-17,
1243 2592 1301 2622 uel
1329 2600 1429 2632 prou.
1457 2590 1579 2631 Regius
1718 2587 1775 2618 uel
1801 2587 1876 2617 Ab:

289 2654 348 2672 mn.
376 2643 401 2672 B
540 2651 611 2672 non
635 2640 778 2671 utiliter
803 2638 952 2680 exponit
975 2638 1000 2667 B
1141 2639 1179 2669 17
1208 2637 1416 2668 aeluentius
1440 2636 1478 2673 b,
1514 2633 1705 2665 aduentins
1731 2633 1755 2663 B

295 2690 331 2717 lb·
360 2685 530 2728 Habitus]
558 2687 606 2717 sie
631 2687 694 2717 mei
814 2684 1002 2715 beneficiis
1027 2684 1046 2713 b
1172 2684 1210 2713 10
1238 2682 1333 2713 aliae
1361 2682 1508 2713 Gesner:
1540 2679 1629 2710 illae
1654 2679 1694 2717 A,
1722 2678 1815 2709 duae
1841 2678 1876 2714 B,

292 2732 353 2763 ille
380 2734 399 2762 b
499 2734 542 2762 20
568 2730 788 2762 narrationis
814 2730 865 2769 Bg
892 2731 960 2760 Im.
1078 2730 1115 2758 -21
1147 2738 1249 2759 norro
1275 2726 1315 2757 Α1
1413 2726 1455 2757 (le
1482 2726 1504 2756 l.
1531 2726 1574 2755 B:
1601 2724 1660 2754 uel
1686 2723 1742 2753 Ab
1835 2724 1876 2753 22!

293 2788 438 2807 nium-re
465 2787 486 2806 a
512 2776 624 2813 (leelin
650 2778 678 2807 A
703 2774 895 2816 inmusulus)
990 2772 1199 2804 obtulerant
1224 2772 1373 2803 Burman
1489 2772 1531 2802 *23
1558 2768 1777 2800 discutiendi
1803 2768 1876 2798 Ab:

291 2822 497 2853 excutiendi
523 2823 548 2852 B
657 2823 694 2852 2-1
724 2824 763 2851 ut
788 2821 861 2850 Ab:
889 2818 945 2851 uel
971 2820 996 2849 B
1090 2829 1152 2859 pro
1179 2829 1239 2851 nm.
1265 2818 1289 2848 B
1383 2815 1642 2847 alexanrlreain
1669 2817 1723 2845 est
1748 2814 1794 2853 A,
1823 2815 1877 2843 est

293 2867 541 2898 :ih—xmuh—hun
563 2868 628 2897 (Ἰν.
723 2869 764 2897 20
792 2866 895 2896 facta
913 2864 1078 2905 Spalding]
1104 2865 1276 2895 mlmmlnm
1300 2862 1540 2902 prolzaltililer:
1566 2871 1609 2890 [ιιι
1635 2860 1716 2890 lmec·
1743 2859 1828 2890 licta
1853 2859 1875 2889 i.

294 2923 325 2944 ¹¹.
354 2912 530 2943 introduci
559 2912 652 2943 sols-t
676 2912 865 2942 inducenda
889 2912 987 2940 smel?
1013 2914 1046 2940 ιιί
1071 2912 1180 2941 oracio
1206 2911 1254 2939 sic*
1279 2908 1509 2938 cnudinuelur:
1542 2905 1600 2937 uel
1627 2904 1806 2944 augendi,
1838 2906 1877 2933 ut

293 2956 325 2988 d.
352 2957 419 2987 iter
449 2958 581 2997 rvi-ris,
609 2957 666 2988 uel
693 2958 738 2989 ad
765 2954 1000 2988 concitandos
1027 2954 1165 2986 iudices
1258 2952 1316 2983 uel
1343 2953 1414 2982 Ab:
1442 2963 1501 2983 nm.
1528 2951 1552 2981 Β
