1939 3228
730 106 772 136 v.
824 103 879 149 11,
906 102 1074 134 111-19.
1615 90 1696 132 257

110 211 160 252 de
191 209 385 252 Cluentio
415 208 671 249 uidebantur
699 207 830 260 facta,
864 207 1095 248 subuertit:
1127 205 1404 247 contrario
1433 218 1533 246 uero
1565 218 1701 245 exem-

107 278 178 332 plo
219 276 453 318 censoriam
489 277 635 317 notam
673 274 885 315 laudando
925 288 1141 316 censorem
1171 273 1443 327 Africanum,
1483 272 1553 327 qui
1594 286 1701 321 611111,

108 360 231 400 quem
274 344 484 399 peierasse
533 342 748 396 conceptis
794 342 935 382 uerbis
980 341 1122 396 palam
1168 341 1363 395 dixisset,
1410 339 1703 381 testimonium

108 413 236 454 etiam
265 411 495 467 pollicitus,
528 410 563 451 si
594 410 687 464 quis
719 411 867 450 contra
889 409 1061 463 diceret,
1093 408 1210 450 nullo
1232 410 1461 449 accusante
1481 407 1701 449 traducere

75 502 91 528 5
110 495 262 535 equum
292 494 441 534 passus
474 480 605 519 esset:
637 492 764 532 quae,
798 477 895 531 quia
927 479 1050 517 erant
1079 476 1295 531 longiora,
1327 490 1415 517 non
1445 476 1531 516 suis
1561 474 1702 516 uerbis

111 548 296 602 exposui.
358 547 486 588 breue
518 547 659 587 autem
700 544 811 599 apud
842 543 1081 599 Vergilium
1113 544 1316 585 contrarii
1348 543 1586 597 exemplum
1617 543 1771 584 est214

249 618 301 656 at
330 629 433 656 non
463 615 579 667 ille,
613 614 783 654 satum
814 626 909 667 quo
940 614 990 653 te
1020 612 1284 665 mentiris,
1319 610 1562 652 Achilles

248 683 380 724 talis
410 682 466 723 in
497 682 646 722 hoste
677 680 779 728 fuit
809 679 1026 720 Priamo.
1634 714 1637 718 .

107 751 315 806 quaedam
353 751 494 791 autem
525 763 575 790 ex
613 748 687 802 iis,
730 762 836 802 quae
874 749 998 802 gesta
1036 749 1155 800 sunt,
1197 748 1289 787 tota
1330 745 1618 800 narrabimus,
1657 747 1705 786 ut
1720 748 1771 788 15

58 835 90 860 10
109 818 255 861 Cicero
294 833 370 872 pro
400 817 581 857 Milone:
620 815 934 870 pudicitiam
975 828 1085 855 cum
1124 813 1360 868 eriperet
1395 813 1565 855 militi
1603 813 1703 854 tri-

109 886 281 928 bunus
312 884 570 927 militaris
603 884 655 925 in
686 882 928 924 exercitu
959 881 1004 924 C.
1038 881 1191 936 Mari,
1231 882 1562 937 propinquus
1594 881 1703 922 eius

107 952 475 1008 imperatoris,
508 951 834 992 interfectus
867 951 927 991 ab
959 964 1016 991 eo
1049 952 1147 1003 est,
1183 951 1262 991 cui
1284 950 1387 990 uim
1409 949 1702 991 adferebat:

107 1022 288 1063 facere
320 1020 455 1062 enim
484 1020 679 1074 probus
718 1018 1036 1059 adulescens
1076 1017 1375 1072 periculose
1406 1032 1557 1072 quam
1586 1031 1702 1071 per-

106 1089 221 1144 peti
251 1088 494 1143 turpiter
524 1086 735 1128 maluit:
768 1088 924 1140 atque
955 1085 1091 1127 hunc
1120 1085 1212 1126 ille
1244 1100 1468 1126 summus
1499 1085 1701 1126 1111506-

58 1157 216 1198 151616
248 1156 482 1197 solutum
512 1154 753 1210 periculo
784 1154 1055 1195 liberauit.
1108 1152 1316 1208 quaedam
1337 1153 1580 1208 significare
1601 1153 1762 1195 satislss

108 1225 200 1279 erit,
233 1227 279 1265 ut
309 1224 420 1265 idem
452 1237 499 1264 ac
530 1237 606 1277 pro
638 1222 802 1263 eodem:
834 1236 1000 1276 neque
1032 1221 1169 1262 6111111
1198 1223 1376 1275 posset
1406 1220 1577 1262 Ahala
1608 1221 1701 1261 ille

108 1292 372 1334 Seruilius
404 1293 492 1332 aut
513 1290 558 1333 P.
581 1290 776 1331 Nasica
807 1292 895 1331 aut
916 1289 962 1330 L.
988 1289 1228 1343 Opimius
1260 1290 1348 1329 aut
1377 1303 1452 1330 me
1485 1288 1700 1330 consule

107 1363 329 1401 senatus
368 1374 470 1401 non
507 1358 751 1415 nefarius
787 1357 995 1411 haberi,
1037 1357 1079 1398 si
1117 1356 1410 1398 sceleratos
1448 1356 1701 1398 interfici

106 1428 258 1469 nefas
289 1430 442 1469 esset.
503 1427 608 1468 haec
638 1427 698 1467 ita
730 1426 942 1478 dicentur,
984 1428 1109 1480 prout
1147 1426 1249 1465 nota
1281 1427 1407 1465 erunt
1437 1424 1505 1465 uel
1536 1424 1699 1465 utilitas

56 1512 88 1537 20
109 1511 258 1537 causae
290 1497 364 1536 aut
394 1495 518 1536 decor
548 1494 794 1549 postulabit.

219 1564 381 1605 Eadem
412 1563 520 1604 ratio
552 1564 615 1603 est
647 1576 810 1615 eorum,
848 1576 952 1615 quae
985 1575 1034 1601 ex
1074 1561 1250 1614 poeticis
1280 1560 1438 1601 fabulis
1470 1560 1697 1614 ducuntur,
1716 1563 1765 1604 17

107 1631 191 1673 nisi
231 1631 340 1686 quod
378 1631 430 1672 iis
468 1631 608 1671 minus
648 1629 955 1671 adfirmationis
994 1627 1238 1670 adhibetur:
1278 1628 1395 1669 cuius
1433 1642 1532 1669 usus
1564 1628 1701 1682 qualis

108 1714 197 1741 6556
229 1699 413 1753 deberet,
446 1699 558 1740 idem
589 1698 773 1752 optimus
805 1699 950 1738 auctor
979 1710 1029 1737 ac
1049 1696 1254 1751 magister
1276 1696 1541 1751 eloquentiae
1562 1698 1700 1736 osten-

107 1768 180 1809 dit.
242 1783 343 1809 nam
379 1766 502 1808 huius
541 1780 705 1821 quoque
745 1764 915 1821 generis
955 1764 1001 1805 in
1047 1764 1193 1805 eadem
1236 1763 1427 1805 oratione
1465 1764 1766 1818 reperieturlS

58 1851 91 1877 25
111 1835 368 1890 exemplum:
409 1835 587 1889 itaque
626 1833 743 1887 hoc,
785 1832 1011 1885 iudices,
1052 1846 1151 1873 11011
1192 1833 1305 1873 51116
1345 1846 1504 1873 causa
1542 1832 1701 1873 etiam

107 1903 256 1945 fictis
286 1902 486 1944 fabulis
518 1901 820 1943 doctissimi
860 1900 1102 1941 homines
1142 1900 1425 1940 memoriae
1456 1899 1697 1954 prodide-

63 1997 68 1998 ν
107 1974 251 2025 runt,
291 1986 421 2025 eum,
462 1970 548 2025 qui
587 1969 759 2023 patris
816 1967 1117 2009 ulciscendi
1158 1982 1312 2008 causa
1356 1969 1572 2008 matrem
1617 1981 1702 2007 ne·
1735 1976 1762 1993 ’κ

109 2040 372 2093 cauisset,
406 2037 638 2079 uariatis
670 2036 935 2077 hominum
973 2035 1262 2076 sententiis
1293 2049 1395 2075 11011
1432 2034 1597 2076 50111111
1628 2034 1701 2075 di-

108 2107 250 2161 uina,
304 2106 391 2147 sed
437 2103 875 2160 sapientissimae
922 2103 1043 2144 deae
1087 2103 1361 2144 sententia
1402 2102 1696 2143 liberatum.

58 2190 89 2216 :30
107 2174 203 2215 illae
241 2189 405 2229 quoque
442 2173 645 2225 fabellae,
688 2186 815 2226 quae,
861 2171 1027 2212 etiamsi
1065 2171 1275 2225 originem
1311 2185 1397 2211 non
1439 2170 1492 2210 ab
1530 2170 1699 2223 Aesopo
1717 2174 1766 2214 15»

106 2245 361 2296 acceperunt
391 2242 406 2289 ζ
409 2256 508 2282 nam
538 2240 705 2282 uidetur
727 2253 871 2280 earum
891 2239 1051 2293 primus
1074 2241 1221 2279 auctor
1241 2237 1486 2292 Hesiodus),
1519 2238 1693 2278 nomine

200 2348 231 2377 1.
256 2356 290 2388 p.
319 2345 462 2378 Cluent.
488 2346 544 2384 48,
573 2345 646 2376 134.
762 2344 792 2374 7.
818 2343 907 2374 Aen.
934 2344 965 2382 2,
992 2344 1068 2374 540.
1188 2343 1239 2373 10.
1275 2352 1306 2383 p.
1334 2341 1410 2372 Mil.
1435 2341 1466 2381 -l,
1494 2342 1525 2372 9.
1645 2341 1695 2373 16.

110 2402 139 2421 c.
167 2394 197 2429 3,
225 2392 256 2424 8.
372 2393 424 2423 25.
454 2391 501 2423 ib.
529 2392 560 2430 3,
586 2390 617 2421 8.

199 2484 217 2513 2
243 2492 314 2512 non
339 2485 413 2513 tam
438 2479 467 2510 A
583 2480 643 2519 qui
670 2489 747 2510 cum
773 2480 831 2509 Ab
958 2482 977 2509 3
1004 2478 1095 2518 quae
1118 2478 1184 2516 Bu,
1218 2478 1285 2521 qur}
1302 2477 1354 2516 Bg
1470 2474 1632 2517 petieras
1658 2484 1696 2506 se

109 2525 191 2567 (sed
215 2526 249 2565 a.)
274 2526 332 2557 Ab
426 2526 444 2555 6
470 2523 654 2565 uirgilium
679 2525 705 2555 B
798 2523 970 2554 contrarii
987 2524 1016 2553 A
1042 2524 1075 2553 z'n
1099 2533 1169 2554 ras,
1263 2522 1282 2551 8
1310 2520 1394 2552 talis
1420 2521 1455 2551 in
1482 2521 1579 2551 hoste
1597 2519 1626 2550 A

110 2573 129 2602 9
154 2571 224 2603 hiis
247 2573 310 2611 Bg,
336 2572 392 2602 his
417 2570 447 2600 A
540 2571 578 2600 11
606 2569 710 2601 marii
735 2568 822 2603 Abg
916 2568 1112 2609 propincus
1137 2566 1166 2596 A
1260 2568 1299 2597 13
1325 2565 1456 2607 probus
1481 2566 1510 2596 A
1535 2576 1626 2597 corr.
1652 2576 1697 2597 ea:

110 2616 248 2657 prolius
341 2616 549 2648 aduliscens
575 2614 604 2644 A
696 2613 930 2655 pcriculosuo
955 2612 996 2652 A,
1021 2614 1083 2644 secl
1106 2622 1151 2643 110
1177 2623 1216 2642 m.
1234 2613 1253 2641 2
1279 2612 1311 2641 in
1337 2621 1407 2643 ras.
1508 2612 1548 2641 16
1576 2613 1698 2651 posset

112 2665 174 2691 aut
197 2662 317 2693 Ahala
344 2662 412 2693 Cic.
509 2661 548 2691 17
572 2660 602 2700 ῤ.
628 2660 778 2691 {nasica
804 2659 833 2689 A
926 2658 948 2689 l.
977 2658 1105 2699 oppius
1129 2656 1171 2695 A,
1198 2657 1293 2687 addit
1321 2655 1457 2687 Cicero:
1485 2658 1546 2686 aut
1565 2657 1604 2686 Ο.
1621 2655 1698 2686 Ma-

111 2706 184 2737 rius
277 2708 317 2739 18
343 2706 543 2738 sceleratos
571 2706 670 2736 ciues
696 2704 764 2735 Cic.
858 2705 898 2734 ‘21
926 2703 1049 2734 horum
1074 2701 1135 2732 AB
1228 2702 1270 2732 22
1296 2701 1327 2731 is
1351 2701 1392 2740 A,
1418 2700 1474 2730 his
1499 2710 1520 2730 a
1613 2710 1697 2740 quo-

112 2761 187 2781 rum
213 2750 281 2792 (uel
304 2762 452 2792 quarum
476 2761 523 2781 sc.
552 2748 771 2789 fabularum)
798 2748 939 2779 malebat
964 2747 1130 2788 Spalding]
1253 2756 1362 2777 *usus
1388 2755 1419 2785 q.
1448 2755 1553 2776 esse*
1578 2745 1607 2775 A

111 2796 153 2826 24
177 2797 214 2827 in
240 2796 366 2828 eadem
390 2798 436 2828 A:
465 2795 591 2827 eadem
618 2795 654 2826 in
679 2794 704 2824 B
731 2800 764 2825 et
787 2795 861 2825 rell.
970 2794 1011 2823 ‘25
1036 2793 1160 2831 itaque
1187 2791 1230 2821 ob
1257 2791 1289 2831 (ι)
1315 2794 1347 2821 in
1373 2790 1460 2829 ras.)
1486 2790 1554 2820 hoc
1578 2791 1607 2820 A

111 2840 153 2870 26
180 2841 289 2872 factis
315 2842 464 2873 fabum*
488 2843 532 2877 A,
559 2840 663 2871 fictas
690 2838 836 2870 fabulas
854 2839 882 2868 'a
997 2837 1222 2868 doctissimi*
1247 2837 1276 2866 A
1390 2836 1432 2866 ‘28
1459 2835 1604 2866 diuinae
1631 2834 1695 2866 sed

114 2885 401 2924 patientissimae
428 2886 514 2918 deae
538 2885 667 2925 (dccae
695 2883 807 2923 1m.’.²)
833 2882 861 2913 A
987 2884 1029 2914 30
1056 2891 1198 2922 quoquc
1226 2880 1387 2912 fabellae
1413 2881 1484 2911 Ab:
1511 2890 1572 2912 om.
1598 2880 1634 2921 B,
1662 2890 1694 2921 q.

112 2929 260 2962 fabulae
287 2932 370 2966 dett.
459 2933 500 2963 31
527 2929 723 2962 haesiodus
748 2930 776 2960 A

181 2987 356 3025 QUINTIL.
377 2987 430 3018 ed.
452 2988 574 3018 HALM.
614 2986 696 3020 Vol.
715 2986 742 3018 I.
1386 2983 1424 3013 17
