1987 3212
245 112 324 154 162
770 121 1065 160 QuiN'rlmANI
1099 122 1218 166 1Ν8Τ.
1253 122 1327 152 ou.

241 225 364 267 modo
397 226 587 266 constat:
619 238 721 265 nam
751 226 800 264 ut
830 224 876 266 in
908 224 1095 266 consiliis
1128 224 1376 279 plerumque
1405 224 1640 279 simplicior
1661 225 1853 279 quaestio

242 296 320 348 est,
352 294 414 334 ita
444 307 570 348 saepe
601 292 647 333 in
680 292 817 334 causis
847 293 1001 334 minor.

355 361 473 410 Quae
513 361 657 402 omnia
696 375 798 402 uera
837 362 1093 416 esse'seiet,
1135 361 1302 415 siquis
1341 375 1428 402 non
1467 361 1681 402 orationes
1712 361 1850 414 modo,

242 431 314 471 sed
353 430 555 471 historias
595 429 726 471 etiam
768 429 971 485 (namque
1008 430 1055 471 in
1092 427 1405 487 iiscontiones
1446 430 1573 484 atque
1611 429 1853 470 sententiae

240 499 490 554 plerumque
522 498 728 539 suadendi
761 513 810 540 ac
842 498 1114 540 dissuadendi
1146 499 1390 553 funguntur
1410 497 1570 550 officio)
1602 497 1744 552 legere
1765 512 1852 538 ma·
1871 514 1884 538 s

172 568 225 610 68
240 567 369 608 luerit
408 581 534 622 quam
572 567 617 608 in
658 567 976 609 commentariis
1024 568 1242 608 rhetorum
1289 580 1612 607 consenescere:
1659 566 1855 607 inueniet

245 636 359 677 enim
380 650 460 676 nec
481 636 527 676 111
551 636 742 677 6011811118
767 636 950 690 abrupta
972 635 1098 676 initia
1121 637 1163 676 et
1177 634 1442 692 concitatius
1470 648 1596 689 saepe
1617 634 1662 675 in
1685 634 1854 675 iudiciis

243 705 406 746 dictum
445 706 487 745 et
526 704 658 745 uerba
699 706 848 758 aptata
885 704 1011 745 rebus
1050 704 1095 744 in
1136 705 1314 758 utroque
1360 717 1519 758 genere
1558 704 1600 743 et
1638 702 1854 744 breuiores

115 815 120 820 ,
176 774 230 815 69
244 773 475 828 aliquando
508 787 733 814 causarum
755 773 971 813 orationes
994 787 1119 826 quam
1142 772 1470 813 sententiarum.
1513 786 1567 812 116
1589 770 1663 811 illa
1684 771 1853 825 quidem

244 842 290 883 in
311 842 363 883 iis
386 842 492 882 uitia
515 841 763 895 deprendet,
797 841 948 896 quibus
972 840 1144 895 quidam
1167 840 1476 881 declamatores
1496 839 1709 894 laborant,
1743 840 1854 894 quod

244 913 286 952 et
319 913 469 952 contra
500 910 785 951 sentientibus
826 909 1060 950 inhumane
1100 908 1398 950 conuiciantur
1437 910 1480 949 et
1516 908 1577 949 ita
1608 907 1855 962 plerumque

243 980 407 1033 dicunt,
441 981 661 1033 tamquam
694 979 748 1019 ab
779 978 844 1032 iis,
879 978 951 1032 qui
973 977 1196 1031 deliberat,
1230 977 1377 1032 utique
1399 976 1646 1018 dissentiat:
1678 976 1854 1031 ideoque

175 1048 229 1090 70
243 1047 574 1103 obiurgantibus
607 1047 831 1088 similiores
864 1048 965 1087 sunt
996 1061 1123 1101 quam
1146 1045 1438 1086 suadentibus,
1480 1045 1586 1086 haec
1608 1045 1855 1086 adulescen-

243 1119 307 1158 tes
339 1116 421 1157 sibi
454 1115 615 1170 scripta
654 1115 814 1167 sciant,
855 1130 910 1156 ne.
951 1114 1097 1168 aliter,
1138 1129 1266 1169 quam
1305 1114 1461 1155 dicturi
1489 1106 1626 1168 sunt,
1667 1113 1854 1154 exerceri

243 1185 381 1226 uelint
412 1187 454 1225 et
484 1184 529 1225 in
562 1184 861 1226 desuescendis
892 1185 1125 1224 morentur.
1189 1184 1375 1224 ceterum
1407 1198 1501 1223 cum
1533 1182 1732 1223 aduocari
1765 1196 1854 1224 coe-

244 1253 389 1308 perint
411 1253 456 1294 in
480 1253 659 1294 consilia
682 1252 931 1306 amicorum,
965 1252 1105 1293 dicere
1127 1252 1389 1292 sententiam
1412 1252 1456 1292 in
1479 1253 1644 1305 senatu,
1678 1250 1854 1291 suadere

244 1323 279 1363 si
310 1321 411 1376 quid
444 1321 639 1363 consulet
670 1314 883 1376 princeps,
917 1321 1026 1375 quod
1058 1320 1300 1375 praeceptis
1331 1320 1510 1361 fortasse
1542 1334 1629 1360 non
1662 1319 1852 1373 credant,

242 1406 320 1432 usu
352 1390 631 1431 docebuntur.

356 1458 432 1500 IX.
485 1458 613 1500 Nunc
645 1458 702 1499 de
733 1457 987 1499 iudiciali
1019 1472 1239 1512 genere,
1273 1457 1382 1512 quod
1414 1459 1478 1498 est
1499 1457 1729 1511 praecipue
1750 1456 1854 1497 mul-

242 1527 391 1582 tiplex,
426 1527 498 1568 sed
531 1527 684 1568 officiis
717 1529 888 1568 constat
920 1527 1098 1580 duobus,
1131 1525 1466 1567 intentionis
1498 1540 1547 1566 ac
1579 1525 1853 1580 depulsio-

243 1596 343 1636 nis.
407 1596 528 1637 cuius
560 1597 716 1650 partes,
750 1598 797 1636 ut
827 1595 1022 1650 plurimis
1046 1595 1291 1636 auctoribus
1314 1594 1491 1649 placuit,
1524 1594 1710 1649 quinque
1733 1597 1854 1635 sunt:

243 1665 591 1719 prooemium,
626 1664 894 1716 narratio,
928 1664 1199 1718 probatio,
1233 1663 1516 1717 refutatio,
1558 1663 1852 1717 peroratio.

242 1733 309 1774 his
351 1733 600 1774 adiecerunt
641 1732 813 1786 quidam
855 1732 1232 1787 partitionem,
1277 1732 1727 1786 propositionem,
1771 1746 1857 1772 ex-

203 1802 470 1855 2668811111,
511 1815 691 1856 quorum
721 1801 882 1854 priores
915 1801 1022 1841 duae
1055 1800 1299 1854 probationi
1331 1800 1578 1842 succedunt.
1631 1815 1731 1841 nam
1762 1814 1856 1854 pro-

247 1885 406 1925 ponere
428 1870 599 1925 quidem
621 1884 729 1924 quae
751 1870 807 1909 sis
830 1869 1089 1923 probaturus
1112 1883 1286 1910 necesse
1309 1871 1386 1923 est,
1420 1870 1492 1910 8611
1515 1871 1557 1910 et
1580 1869 1854 1910 concludere:

246 1953 321 1980 cur
350 1938 500 1993 igitur,
534 1939 569 1979 si
600 1938 676 1979 illa
706 1953 806 1992 pars
840 1953 992 1979 causae
1025 1940 1102 1992 est,
1135 1952 1224 1979 11011
1247 1940 1289 1978 et
1310 1937 1417 1979 haec
1439 1937 1526 1978 sit?
1555 1938 1733 1992 partitio
1754 1952 1855 1979 uero

244 2007 537 2062 dispositionis
570 2009 634 2047 est
672 2007 855 2061 species,
899 2007 992 2061 ipsa
1031 2007 1252 2061 dispositio
1291 2021 1390 2061 pars
1429 2006 1661 2048 rhetorices
1701 2009 1744 2048 et
1780 2021 1856 2061 per

243 2076 381 2117 omnis
421 2075 622 2116 materias
663 2077 883 2130 totumque
923 2090 1067 2116 earum
1107 2090 1259 2130 corpus
1307 2074 1544 2129 aequaliter
1582 2075 1697 2129 fusa,
1745 2075 1857 2116 sicut

204 2146 230 2187 3
245 2144 455 2198 inuentio,
490 2144 692 2185 elocutio:
725 2144 901 2198 ideoque
934 2158 1026 2184 eain
1049 2159 1135 2185 non
1158 2144 1364 2185 orationis
1385 2144 1516 2184 totius
1537 2146 1704 2198 partein
1726 2159 1855 2185 unam

245 2228 336 2254 esse
369 2212 625 2255 credendum
659 2214 736 2266 est,
782 2212 854 2253 sed
897 2213 1193 2267 quaestionum
1238 2212 1367 2253 etiam
1407 2212 1686 2267 singularum.
1748 2226 1854 2266 quae

245 2283 310 2322 est
342 2281 457 2322 enim
495 2281 709 2335 quaestio,
754 2282 798 2322 in
839 2296 922 2336 qua
962 2295 1050 2322 non
1089 2281 1339 2336 promittere
1378 2281 1513 2335 possit
1550 2284 1712 2335 orator,
1756 2281 1855 2335 quid

244 2350 398 2404 primo,
431 2349 532 2404 quid
563 2349 764 2403 secundo,
798 2349 897 2404 quid
930 2350 1057 2390 tertio
1089 2350 1145 2391 sit
1174 2349 1266 2391 loco
1288 2349 1509 2390 dicturus?
1540 2349 1651 2404 quod
1674 2352 1740 2390 est
1759 2363 1856 2404 pro-

244 2419 384 2472 prium
415 2418 676 2472 partitionis.
731 2433 858 2472 quain
891 2432 993 2473 ergo
1024 2418 1251 2459 ridiculum
1283 2420 1347 2459 est
1369 2418 1663 2472 quaestionem
1685 2417 1855 2472 quidem

338 2526 353 2555 1
382 2526 533 2555 constat
557 2524 603 2557 A:
631 2523 840 2554 constantB
935 2526 975 2553 ut
1001 2523 1165 2554 consiliis
1182 2524 1211 2553 A
1304 2524 1325 2554 4
1350 2523 1414 2554 sed
1441 2526 1479 2554 et
1503 2524 1523 2554 b
1617 2523 1653 2553 in
1679 2523 1724 2554 iis
1749 2523 1791 2556 B:
1820 2523 1856 2553 iu

245 2569 301 2600 his
326 2570 367 2610 A,
395 2581 456 2601 om.
483 2570 503 2600 b
599 2569 781 2600 contionis
807 2567 848 2598 A¹
968 2570 985 2599 7
1014 2573 1050 2600 et
1076 2569 1173 2609 (post
1199 2569 1324 2609 initia)
1350 2580 1410 2600 om.
1436 2567 1480 2599 A¹
1573 2570 1594 2600 8
1622 2571 1711 2609 apta
1735 2569 1764 2598 A

245 2618 264 2645 ⁴.)
292 2614 484 2656 aliquanto
510 2616 563 2646 ecl.
593 2614 778 2647 Stoerimm
898 2616 937 2645 lo
963 2614 1008 2645 iis
1035 2615 1078 2645 13:
1106 2614 1161 2645 1118
1186 2615 1215 2644 A
1309 2614 1560 2656 deprehendet
1584 2615 1613 2644 A
1732 2614 1773 2644 12
1800 2613 1856 2645 liis

245 2661 308 2691 AB
426 2660 608 2691 deliberat
631 2659 714 2691 AB:
742 2660 952 2692 deliberant
976 2661 996 2690 b
1114 2660 1339 2691 dissentiant
1363 2661 1388 2691 B
1508 2661 1548 2691 13
1574 2662 1658 2691 sunt
1683 2659 1765 2690 AB:
1793 2671 1853 2691 0711.

245 2707 304 2736 ΕΤ
439 2708 478 2738 17
507 2708 537 2737 si
564 2705 649 2748 quid
676 2705 844 2738 consulet
868 2707 1040 2747 princeps
1066 2707 1109 2736 B:
1143 2706 1173 2737 si
1200 2705 1285 2747 quid
1319 2708 1355 2737 et
1383 2704 1523 2737 consuli
1550 2703 1577 2746 (i
1604 2707 1636 2736 in
1662 2715 1732 2738 ras.
1758 2716 1799 2735 m.
1819 2705 1855 2745 2)

248 2755 284 2782 et
310 2752 468 2794 principi
493 2752 522 2782 A
549 2751 665 2791 (lectio
691 2753 711 2783 b
737 2762 840 2784 erasa
866 2751 931 2792 est)
1073 2751 1226 2783 credant
1251 2752 1293 2782 B'
1309 2748 1476 2782 ‘credunt
1499 2749 1529 2780 A
1669 2752 1709 2782 19
1736 2748 1853 2791 Nune]

245 2799 424 2837 praecedit
449 2799 482 2829 in
507 2796 571 2828 AB
597 2799 795 2839 inscriptio:
822 2798 877 2829 De
903 2797 1071 2838 partibus
1098 2807 1292 2828 causarum
1320 2795 1562 2828 iudicialium.
1656 2795 1854 2827 iudiealiA

291 2844 334 2874 ⁶23
361 2843 505 2883 quidam
524 2844 553 2873 A
578 2845 612 2874 z'n
629 2854 702 2877 ras.
796 2844 839 2874 24
866 2853 1015 2884 quorum
1041 2842 1123 2873 AB:
1152 2853 1303 2884 quarum
1322 2850 1343 2876 ς
1414 2842 1607 2873 succidunt
1632 2843 1658 2872 B
1730 2843 1773 2873 25
1792 2841 1854 2873 sed

247 2899 307 2918 nm.
336 2890 355 2918 b
449 2890 492 2919 aa
520 2899 644 2920 omnes
670 2890 724 2923 Βς
819 2889 929 2919 sicuti
953 2899 974 2919 a
1068 2891 1110 2920 29
1137 2889 1300 2919 inuentio
1327 2890 1363 2918 et
1390 2887 1551 2919 elocutio
1578 2889 1654 2919 edd.
1682 2892 1762 2919 nell.

247 2936 285 2963 :51
315 2934 409 2963 enim
435 2935 507 2964 Ab:
536 2946 594 2965 nm.
623 2935 647 2964 B
744 2938 784 2965 32
813 2935 996 2975 proprium
1023 2935 1105 2965 AB:
1134 2935 1285 2975 primuni
1311 2934 1330 2963 b
1437 2935 1480 2964 33
1507 2944 1611 2974 quam
1637 2934 1666 2963 A
1692 2944 1782 2965 corr.
1810 2944 1855 2964 ea:

248 2978 342 3018 quod
371 2984 404 3009 71!
430 2981 565 3009 11ί1Ι1Ἰ111·
1382 2987 1384 2989 “

1874 855 1906 879 10

1875 1197 1906 1221 15

1874 1540 1906 1565 20

1874 2223 1907 2248 30
