1987 3212
222 111 301 152 148
745 118 1039 157 QUINTILIAM
1073 117 1190 151 INs‘r.
1225 119 1299 151 011.

218 224 409 280 pendent
446 223 693 278 frequenter
731 236 781 263 ex
820 222 962 277 aliquo
1003 222 1173 278 publico
1213 220 1357 265 officio
1396 224 1525 278 atque
1564 238 1615 265 ex
1654 220 1829 266 senatus

219 291 412 334 consulto
443 290 770 346 magistratibus
802 305 928 346 saepe
960 291 1242 346 mandantur,
1283 294 1326 334 et
1363 291 1538 334 laudare
1577 294 1731 334 testem
1762 292 1830 334 uel

219 363 369 403 contra
406 359 597 414 pertinet
638 359 689 400 ad
728 360 996 401 momentum
1032 360 1309 415 iudiciorum,
1351 362 1394 402 et
1430 360 1535 416 ipsis
1576 361 1708 403 etiam
1746 361 1829 402 reis

217 430 317 470 dare
348 428 590 469 laudatores
622 428 744 483 licet,
787 431 829 470 et
870 428 974 470 editi
1011 429 1057 470 in
1090 420 1414 484 competitores,
1456 429 1498 470 in
1532 429 1579 471 L.
1613 429 1828 484 Pisonem,

218 498 262 539 in
287 497 482 540 Clodium
515 498 557 538 et
579 496 808 539 Curionem
839 496 937 538 libri
959 497 1323 551 uituperationem
1347 497 1585 550 continent,
1621 500 1663 540 et
1683 501 1825 540 tamen
1849 513 1864 538 3

175 566 201 608 3
216 567 261 608 in
283 568 437 608 senatu
458 565 551 607 loco
582 566 683 606 sunt
714 565 850 607 habiti
882 566 1137 608 sententiae.
1181 580 1320 622 neque
1342 566 1503 607 infitias
1527 581 1588 621 eo,
1623 567 1830 622 quasdam

216 650 306 677 esse
339 650 387 676 ex
420 635 501 676 1100
533 648 690 689 genere
722 634 925 676 materias
957 634 1009 675 ad
1040 634 1174 676 solam
1197 635 1456 690 compositas
1478 635 1828 690 ostentationem,

217 706 262 745 nt
292 704 437 745 laudes
470 703 645 744 deorum
676 703 961 758 uirorumque,
993 718 1096 759 quos
1118 704 1263 759 priora
1284 706 1479 759 tempora
1500 703 1706 745 tulerunt
1747 718 1830 759 (1110

215 773 396 814 soluitur
427 772 622 828 quaestio
661 786 791 827 supra
828 774 1016 814 tractata
1053 772 1418 828 manifestumque
1458 775 1523 814 est
1561 787 1703 814 errare
1743 778 1827 827 e'OS,

214 842 286 896 qui
318 838 553 896 nfimquam
584 843 797 883 oratorem
838 841 1051 883 dicturum
1089 841 1174 882 nisi
1214 841 1265 883 de
1303 856 1349 883 rc
1389 841 1518 883 dubia
1548 843 1826 896 putauerunt.

1850 857 1880 881 lo

173 912 270 952 4an
309 909 455 951 laudes
499 909 734 965 Capitolini
765 910 902 964 Ionis,
944 912 1152 965 perpetua
1192 910 1302 952 sacri
1345 910 1593 953 certaminis
1631 909 1827 964 materia,

214 979 281 1020 uel
315 978 469 1020 dubiae
502 982 604 1020 sunt
636 979 704 1021 uel
735 994 823 1021 non
856 980 1043 1021 oratorio
1075 994 1233 1035 genere
1264 979 1541 1021 tractantmr‘.>

329 1047 391 1089 Ut
422 1047 636 1090 desiderat
667 1051 811 1090 autem
841 1047 947 1102 laus,
982 1063 1089 1103 quae
1121 1048 1307 1104 negotiis
1340 1048 1581 1105 adhibetur,
1614 1048 1828 1103 probatio-

213 1132 326 1170 nem,
361 1117 422 1157 sic
455 1116 585 1158 etiam
617 1117 707 1171 illa,
741 1132 848 1172 quae
880 1117 1160 1159 ostentationi
1184 1117 1468 1172 componitur,
1502 1117 1635 1158 habet
1654 1117 1829 1159 interim

172 1186 399 1240 5aliquan1
432 1185 620 1241 speciem
650 1186 930 1240 probationis,
964 1188 1011 1227 nt
1043 1186 1114 1241 qui
1137 1186 1367 1227 Romulum
1389 1185 1543 1227 Martis
1574 1185 1709 1227 filium
1732 1186 1829 1227 edu-

214 1256 441 1310 catumque
474 1270 498 1295 a
536 1254 638 1310 lupa
679 1255 816 1310 dicat,
859 1256 904 1297 in
945 1258 1249 1311 argumentum
1291 1255 1486 1297 caelestis
1524 1257 1642 1296 ortus
1682 1256 1829 1296 utatur

211 1323 301 1378 his,
341 1323 452 1379 quod
493 1323 685 1365 abiectus
716 1325 762 1365 in
793 1324 1079 1379 profluentem
1110 1337 1195 1366 non
1228 1324 1419 1379 potuerit
1458 1324 1675 1379 extingui,
1718 1323 1829 1379 quod

211 1393 354 1434 onmia
387 1392 447 1434 sic
480 1392 634 1448 egerit,
674 1395 721 1434 ut
752 1393 949 1448 genitum
980 1393 1174 1448 praeside
1212 1393 1420 1435 bellorum
1461 1393 1538 1434 deo
1576 1392 1829 1434 incredibile

211 1476 298 1502 non
331 1463 455 1515 esset,
490 1461 600 1517 quod
632 1462 774 1517 ipsum
806 1477 971 1517 qnoque
1005 1462 1121 1503 caelo
1152 1464 1373 1517 receptum
1405 1462 1611 1517 temporis
1644 1462 1733 1503 eius
1755 1461 1828 1502 ho-

172 1532 197 1573 (i
212 1530 348 1571 mines
394 1545 482 1571 non
533 1530 840 1572 dubitauerint.
910 1531 1120 1586 quaedam
1169 1545 1270 1573 uero
1312 1531 1441 1572 etiam
1480 1532 1525 1572 in
1565 1529 1827 1572 defensionis

212 1598 398 1653 speciem
432 1599 599 1654 cadent,
632 1602 678 1641 ut
711 1600 745 1641 si
776 1600 822 1641 in
853 1599 977 1641 laude
1000 1599 1201 1641 Herculis
1233 1602 1526 1654 permutatum
1559 1613 1654 1641 cum
1675 1599 1829 1654 regina

212 1668 370 1722 Lydiae
402 1667 597 1710 habitum
629 1672 671 1710 et
703 1669 927 1723 imperata,
969 1671 1016 1709 ut
1047 1668 1253 1723 traditur,
1296 1684 1432 1724 pensa
1464 1670 1608 1710 orator
1640 1670 1825 1710 excuset.

212 1736 285 1777 sed
316 1738 538 1791 proprium
570 1737 707 1779 laudis
741 1740 806 1779 est
836 1752 903 1779 res
937 1737 1200 1793 amplificare
1233 1740 1275 1779 et
1306 1752 1470 1779 ornare.

327 1805 444 1854 Quae
476 1808 657 1848 materia
689 1807 919 1861 praecipue
958 1806 1128 1861 quidem
1167 1806 1213 1847 in
1255 1806 1353 1848 deos
1395 1809 1436 1848 et
1468 1806 1662 1847 homines
1697 1806 1824 1861 cadit,

1850 1202 1881 1225 1.’1

1846 1547 1880 1569 ’.ΞΗ

175 1877 197 1918 7
216 1876 280 1915 est
310 1876 456 1916 tamen
489 1878 531 1916 et
554 1875 733 1916 aliorum
757 1875 1021 1929 animalium,
1057 1877 1100 1916 et
1131 1874 1262 1916 etiam
1288 1875 1526 1917 carentium
1549 1875 1707 1916 anima.
1759 1890 1826 1916 ue-
1846 1891 1879 1914 25,

212 1959 306 1984 rum
327 1944 373 1985 in
396 1944 484 1985 <leis
507 1944 770 1999 generaliter
791 1944 977 1998 primuni
1009 1945 1281 1986 maiestatem
1303 1944 1436 1999 ipsius
1469 1959 1614 1986 eorum
1645 1947 1826 1986 naturae

212 2012 525 2066 uenerabimm,
558 2012 711 2054 deinde
743 2014 916 2068 proprie
947 2014 1035 2054 uim
1070 2014 1270 2069 cuiusque
1303 2016 1345 2055 et
1366 2014 1559 2068 inuenta,
1592 2028 1698 2068 quae
1720 2013 1825 2054 utile

171 2080 373 2136 Saliqnid
403 2081 650 2122 hominibus
683 2081 920 2123 attulerint.
975 2083 1039 2123 uis
1072 2083 1345 2137 ostendetur,
1388 2085 1435 2124 ut
1465 2082 1511 2124 in
1543 2081 1643 2123 Ioue
1674 2096 1825 2137 regen-

212 2150 361 2191 dorum
393 2151 598 2204 omnium,
632 2150 677 2191 in
710 2150 851 2192 Marte
883 2150 999 2205 belli,
1032 2151 1078 2192 in
1109 2151 1313 2206 Neptuno
1344 2151 1497 2192 maris:
1537 2151 1737 2204 inuenta,
1778 2153 1826 2192 ut

213 2219 369 2260 artium
408 2219 454 2260 in
492 2218 715 2273 Minerua,
757 2219 970 2261 Mercurio
1011 2220 1276 2275 litterarum,
1324 2219 1564 2261 medicinae
1603 2220 1821 2275 Apolline,

212 2289 364 2329 Cerere
395 2288 590 2343 frugum,
634 2287 786 2329 Libero
826 2289 931 2330 uini.
992 2291 1082 2330 tum
1121 2289 1156 2330 si
1196 2304 1278 2344 qua
1319 2289 1373 2330 ab
1404 2289 1456 2330 iis
1496 2291 1593 2329 acta
1632 2290 1824 2329 uetustas

212 2356 410 2411 tradidit,
453 2357 838 2398 commemoranda.
900 2357 1064 2399 addunt
1103 2359 1233 2399 etiam
1276 2358 1339 2399 dis
1371 2357 1577 2399 honorem
1608 2360 1823 2412 parentes,

306 2534 320 2563 1
350 2543 393 2563 cx
420 2533 463 2563 §6
490 2532 757 2572 niagislralilms
781 2532 811 2562 A
919 2533 940 2563 4
965 2532 1172 2564 landalm‘es
1198 2534 1227 2563 A
1322 2535 1577 2575 competitores
1602 2533 1631 2563 A
1725 2533 1744 2563 6
1770 2532 1823 2563 in·

213 2579 310 2610 litias
335 2576 514 2620 A¹(:2)Bn:
542 2578 686 2609 inficias
713 2587 733 2608 a
759 2582 791 2609 et
817 2589 907 2611 corr.
935 2579 997 2619 Bn,
1025 2579 1186 2610 intictias
1211 2580 1264 2620 Bg
1374 2581 1392 2611 7
1420 2578 1527 2611 solam
1553 2578 1767 2620 compositas
1793 2578 1822 2608 A

303 2629 322 2653 Η
349 2624 507 2666 priorum
533 2625 553 2655 b
650 2625 687 2655 11
716 2623 911 2665 capitulini
938 2624 1033 2656 iobis
1059 2624 1100 2655 A*
1129 2630 1163 2656 nt
1189 2627 1324 2657 uidetur
1431 2628 1471 2657 13
1497 2624 1641 2665 negotis
1670 2623 1821 2654 abhibe—

212 2674 270 2701 tnr
294 2671 347 2709 Eg
374 2672 439 2703 Im.
537 2671 578 2701 14
605 2670 784 2701 sicum*
812 2669 921 2700 etiam
947 2670 976 2700 A
1075 2672 1111 2702 17
1141 2671 1310 2702 abiectos
1337 2671 1363 2701 B
1459 2669 1700 2712 profluentem
1727 2669 1820 2700 tibe-

212 2716 277 2746 rim
304 2717 336 2755 b,
364 2721 398 2747 at
424 2717 468 2755 cf.
498 2716 588 2748 lv'lor.
612 2718 640 2754 Ι,
663 2717 693 2756 1,
714 2718 734 2747 2
831 2717 871 2747 19
897 2726 969 2746 non
995 2716 1043 2747 sit
1070 2717 1193 2757 Hessius
1252 2749 1269 2768 α
1288 2718 1330 2748 20
1357 2717 1531 2757 quaedam
1556 2726 1637 2747 uero
1664 2718 1761 2746 etiam
1788 2716 1820 2746 iu

212 2761 438 2792 defensionis
463 2762 491 2792 A
601 2764 641 2793 21
670 2760 808 2792 cadunt
833 2761 999 2793 Francius
1116 2764 1158 2794 23
1185 2772 1260 2793 reni
1286 2763 1306 2793 b
1403 2761 1628 2803 amplificare
1654 2761 1683 2791 A
1777 2762 1820 2791 21

214 2806 314 2837 eadit
338 2808 418 2837 AB:
448 2807 556 2838 cadet
580 2808 639 2838 L'r
750 2808 792 2839 25
816 2810 852 2838 et
879 2808 990 2838 etiam
1018 2808 1063 2840 A:
1094 2809 1205 2839 etiam
1231 2809 1268 2849 B,
1297 2815 1334 2838 et
1359 2807 1432 2839 iam
1457 2807 1594 2847 illeym‘,
1622 2810 1658 2837 et
1684 2808 1728 2839 al.

211 2853 253 2882 243
280 2852 515 2890 generaliter.
544 2854 703 2884 Primum
728 2854 754 2884 B
854 2857 1100 2894 magestatem
1127 2855 1179 2894 Bg
1287 2854 1329 2884 ‘27
1356 2852 1596 2884 uenerabitur
1620 2853 1640 2882 b
1667 2857 1700 2883 ut
1726 2852 1820 2882 uide-

213 2902 266 2926 lm-
358 2899 401 2928 28
427 2898 639 2930 ostendetur
657 2900 703 2931 A:
731 2899 938 2930 ostenditur
956 2900 1012 2933 Βς
1106 2901 1148 2930 29
1176 2899 1357 2931 hominum
1384 2900 1465 2931 (lete,
1562 2900 1605 2928 :xo
1632 2897 1818 2938 apollinae

212 2943 275 2981 Bg,
304 2943 455 2983 apollini
481 2946 501 2974 b
596 2947 632 2976 31
665 2945 781 2975 vereri
808 2946 827 2975 b
921 2948 995 2976 111111
1022 2946 1102 2976 AB:
1131 2946 1216 2977 item
1243 2946 1263 2975 b
1359 2945 1403 2976 ab
1430 2944 1486 2975 his
1512 2944 1540 2974 A
1641 2944 1683 2975 32
1711 2943 1765 2974 ‹lis
1791 2943 1819 2973 A

213 2994 243 3018 el
270 3000 360 3019 varst.
388 2990 455 3020 Bu:
483 2990 551 3020 (liis
578 2991 602 3020 B
1327 2990 1330 2993 Δ

1199 3023 1233 3040 .⁴⁴‘:‚

1844 2235 1876 2258 30
