1939 3180
209 152 293 195 362
730 161 1022 203 QUINTILIANI
1054 160 1172 192 INST.
1208 161 1283 191 on.

146 271 196 312 13
209 267 361 323 magis,
395 266 529 307 malos
560 279 651 307 esse
682 266 769 306 tam
798 263 968 305 multos.
1030 278 1131 304 nam
1160 265 1208 304 ut
1238 277 1347 318 aqua
1377 262 1578 317 piscibus,
1611 263 1659 304 ut
1688 261 1801 303 sicca

209 335 412 389 terrenis,
469 333 750 375 circumfusus
796 332 920 374 nobis
967 331 1142 386 spiritus
1189 331 1431 373 uolucribus
1471 317 1693 384 conuenit,
1740 329 1802 371 ita

210 405 323 444 certe
361 401 531 444 facilius
571 415 661 442 esse
701 402 925 455 oportebat
970 399 1201 441 secundum
1247 401 1448 441 naturam
1486 413 1614 453 quam
1653 399 1802 439 contra

210 486 303 512 eam
332 471 490 512 uiuere.
554 470 695 511 cetera
725 483 847 523 uero,
887 467 1054 509 etiamsi
1094 468 1278 525 aetatem
1317 468 1510 508 nostram
1546 479 1634 506 non
1664 465 1802 519 spatio

209 539 455 592 senectutis,
489 538 561 580 sed
591 539 782 591 tempore
814 535 1138 587 adulescentiae,
1157 535 1398 589 metiamur,
1444 533 1612 575 abunde
1642 533 1798 574 multos
1819 551 1835 576 5

210 607 263 648 ad
294 606 541 648 discendum
574 620 709 647 annos
739 604 924 646 habent:
970 593 1117 645 omnia¹
1153 594 1267 644 enim
1297 602 1494 644 breuiora
1524 601 1673 643 reddet
1703 600 1803 641 ordo

145 678 195 719 14
210 678 252 718 et
282 676 390 717 ratio
421 677 464 716 εὴ
493 674 656 716 modus.
717 673 790 714 scd
823 673 947 727 culpa
979 674 1045 714 est
1074 672 1120 712 in
1151 670 1498 726 praeceptoribus
1529 670 1690 724 prima,
1730 668 1803 723 qui

209 744 393 786 libenter
425 743 621 785 detinent
657 756 760 797 quos
799 742 1138 796 occupauerunt,
1160 739 1335 794 ‘partim
1375 738 1607 793 cupiditate
1647 736 1804 778 diutius

211 812 409 868 exigendi
441 811 727 864 mercedulaS,
766 809 924 864 partim
956 808 1210 862 ambitione,
1234 808 1332 863 ⁴quo
1363 805 1580 848 difficilius
1610 805 1805 846 uideatur

211 896 301 923 esse
332 880 443 936 quod
473 879 753 934 pollicentur,
794 877 953 932 partim
985 877 1114 918 etiam
1145 875 1375 917 inscientia
1405 873 1602 915 tradendi
1633 873 1702 914 uel
1732 887 1856 924 ne-gio

210 949 443 1005 glegentia.
504 947 699 1003 proxima
729 946 774 987 in
804 945 948 1003 nobis,
991 945 1061 1000 qui
1101 944 1258 986 morari
1295 944 1341 985 in
1373 957 1421 984 eo
1452 942 1562 997 quod
1591 941 1802 993 nouimus,

146 1022 197 1064 15
211 1032 329 1070 quam
368 1017 527 1058 discere
558 1030 665 1071 quae
697 1014 888 1056 nondum
928 1014 1105 1068 scimus,
1147 1012 1299 1070 melius
1337 1013 1550 1066 putamus.
1619 1024 1720 1050 nam
1758 1010 1806 1049 ut

211 1087 263 1129 de
301 1086 458 1128 nostris
496 1084 765 1140 potissimum
802 1082 952 1124 studiis
992 1082 1152 1135 dicam,
1200 1080 1300 1136 quid
1339 1079 1496 1121 attinet
1534 1081 1623 1120 tam
1661 1076 1805 1118 multis

212 1155 352 1209 annis,
385 1168 513 1209 quam
543 1153 588 1194 in
620 1167 735 1194 more
766 1153 829 1193 est
849 1150 1141 1206 plurimorum,
1172 1151 1220 1190 ut
1241 1149 1291 1190 de
1312 1149 1394 1200 his,
1428 1162 1452 1189 a
1473 1147 1625 1202 quibus
1645 1159 1806 1200 magna

211 1225 256 1266 in
288 1224 370 1265 hoc
399 1236 498 1278 pars
531 1222 684 1263 aetatis
717 1220 966 1273 absumitur,
997 1221 1178 1272 taceam,
1212 1217 1488 1259 declamitare
1518 1215 1565 1256 in
1596 1213 1741 1255 schola
1764 1215 1857 1259 et15

210 1295 379 1334 tantum
410 1290 567 1332 laboris
598 1289 643 1330 in
675 1289 800 1329 rebus
829 1287 950 1329 falsis
984 1301 1251 1340 consumere,
1293 1300 1388 1327 cum
1419 1284 1522 1325 satis
1555 1283 1611 1324 sit
1640 1281 1806 1322 modico

211 1364 402 1416 tempore
432 1359 667 1414 imaginem
698 1357 788 1398 ueri
820 1355 1079 1398 discriminis
1112 1356 1154 1395 et
1185 1353 1352 1395 dicendi
1383 1353 1500 1408 leges
1523 1349 1814 1405 comperisse?

147 1434 198 1475 16
212 1429 322 1484 quod
354 1443 441 1470 non
473 1442 521 1469 eo
552 1427 669 1481 dico,
713 1425 833 1480 quasi
864 1425 921 1465 sit
950 1438 1152 1478 umquam
1184 1420 1421 1464 omittenda
1452 1419 1620 1461 dicendi
1652 1417 1808 1459 exerci-

212 1498 334 1552 tatio,
368 1497 440 1538 sed
471 1496 571 1552 quia
601 1509 688 1537 non
719 1494 765 1535 in
796 1508 881 1534 una
912 1493 968 1534 sit
1000 1492 1087 1533 eius
1120 1491 1260 1546 specie
1293 1487 1696 1531 consenescendum.
1744 1501 1809 1528 res

214 1571 354 1607 uarias
387 1578 642 1620 cognoscere
674 1565 717 1604 et
747 1563 976 1617 praecepta
1006 1560 1181 1602 uiuendi
1211 1558 1449 1614 perdiscere
1481 1559 1523 1598 et
1550 1557 1595 1598 in
1616 1556 1709 1597 foro
1730 1569 1807 1596 nos
1827 1574 1860 1600 ρο

215 1633 397 1689 experiri
428 1633 665 1688 potuimus,
699 1631 798 1672 dum
830 1629 1077 1671 scholastici
1108 1642 1267 1670 sumus.
1330 1625 1520 1667 discendi
1551 1624 1662 1665 ratio
1692 1623 1806 1677 talis,

213 1706 261 1745 ut
302 1717 388 1744 non
426 1702 582 1742 multos
620 1701 769 1755 poscat
812 1712 960 1739 annos.
1033 1696 1250 1752 quaelibet
1290 1694 1404 1736 enim
1446 1708 1495 1734 ex
1539 1693 1591 1734 iis
1633 1692 1808 1746 artibus,

215 1786 393 1827 quarum
426 1770 557 1811 habui
588 1768 864 1821 mentionem,
895 1767 940 1807 in
972 1780 1129 1821 paucos
1161 1764 1290 1805 libros
1325 1761 1521 1805 contrahi
1553 1761 1672 1815 solet,
1706 1761 1809 1802 adeo

214 1855 301 1882 non
333 1842 397 1881 est
426 1839 597 1881 infinito
630 1835 769 1891 spatio
801 1835 853 1876 ad
884 1834 1160 1876 traditionem
1199 1847 1319 1887 opus.
1388 1830 1552 1884 reliqua
1591 1831 1655 1870 est
1695 1843 1809 1870 exer-

309 1925 322 1954 1
352 1933 436 1954 nam
462 1932 523 1954 om.
551 1922 571 1951 S
675 1930 748 1952 noc.
777 1927 872 1958 aqua
896 1918 929 1948 in
955 1917 982 1946 G
1006 1927 1138 1948 erasnm
1163 1920 1224 1951 est,
1250 1919 1285 1946 ut
1311 1915 1482 1954 compium
1508 1913 1577 1943 alia
1601 1913 1634 1942 in
1659 1911 1721 1942 hac
1747 1921 1808 1942 εω-

216 1975 321 2001 trema
346 1973 458 2010 parte,
484 1970 584 2008 atque
611 1976 651 1996 ea
675 1966 768 2005 fere,
801 1973 886 2005 quae
913 1963 940 1993 G
963 1963 1057 1994 solus
1081 1964 1302 2000 seruauerat,
1334 1959 1397 1990 sed
1421 1968 1491 1989 cnm
1516 1958 1628 1989 desint
1651 1958 1684 1987 in
1710 1957 1809 1989 codd.

215 2017 369 2057 reliquis,
394 2019 427 2046 z'n
452 2015 526 2055 ipso
553 2021 683 2054 qnoque
709 2009 883 2043 eradendo
908 2009 1020 2039 deleta
1037 2012 1132 2041 sunt:
1157 2007 1202 2046 ef.
1220 2006 1312 2037 Mus.
1329 2005 1423 2036 rhen.
1444 2002 1583 2035 XXIII
1599 2013 1634 2043 p.
1654 2003 1720 2033 218
1736 2012 1810 2043 sqq.

306 2062 325 2092 2
351 2061 460 2092 terris
485 2059 521 2089 M
616 2056 878 2088 circumfusum
905 2054 1002 2084 GMS
1096 2052 1202 2083 nobis
1229 2052 1298 2082 GS:
1327 2049 1494 2082 omnibus
1519 2049 1554 2078 M
1653 2049 1673 2079 3
1699 2046 1811 2087 certe]

217 2107 286 2139 crit
311 2107 330 2137 S
424 2103 609 2147 oportebit
633 2103 652 2132 S
675 2129 679 2131 .
768 2103 787 2133 5
815 2104 978 2140 tempore
1004 2099 1081 2130 edd.
1109 2102 1190 2130 uett.
1219 2106 1369 2138 corpore
1395 2094 1492 2125 GMS
1592 2092 1811 2124 adulescen-

216 2153 292 2184 tiae
320 2152 364 2184 G:
392 2148 685 2183 adolescentiam
711 2149 772 2179 MS
865 2145 1063 2176 moriamur
1088 2145 1107 2174 S
1202 2141 1346 2174 abunde
1374 2138 1616 2171 addiscendos
1644 2148 1759 2170 annos
1777 2139 1812 2168 M

309 2200 327 2230 7
354 2196 482 2229 modus
507 2195 584 2227 edd.
610 2198 690 2226 nete.
718 2191 869 2224 mundos
895 2190 992 2220 GMS
1087 2192 1143 2220 est
1168 2199 1228 2220 om.
1249 2189 1284 2217 M
1377 2186 1397 2217 8
1424 2194 1513 2226 quos
1540 2185 1594 2218 ed.
1612 2183 1720 2217 Basz'l.
1748 2194 1811 2215 om.

219 2245 331 2283 GMS,
357 2244 420 2275 sed
444 2242 470 2273 G
495 2243 528 2273 in
553 2250 690 2279 rasura,
717 2240 751 2270 in
776 2248 842 2279 qua
867 2235 915 2277 qd
939 2237 1100 2276 scriptum
1122 2235 1230 2274 fnisse
1257 2233 1391 2264 uidetur
1491 2229 1731 2271 cupiditatem
1757 2229 1812 2259 GS

309 2291 328 2321 9
355 2287 519 2330 exigenti
545 2287 611 2327 GS,
639 2282 835 2317 exercendi
859 2284 895 2313 M
1001 2281 1154 2312 ambitio
1181 2279 1288 2315 GMS,
1317 2288 1377 2309 em.
1404 2277 1437 2307 in
1461 2276 1539 2307 edd.
1565 2279 1647 2308 uclt.
1742 2284 1812 2315 quo

219 2338 271 2366 M:
298 2335 393 2376 quod
419 2334 473 2364 GS
613 2330 725 2362 diffie.
750 2328 921 2360 uideatur
947 2337 1026 2358 esse
1051 2326 1196 2366 scripsi:
1228 2322 1416 2355 difficilius
1441 2321 1535 2360 libri,
1567 2321 1631 2352 sed
1654 2325 1703 2351 est
1728 2322 1761 2351 in
1787 2321 1809 2350 G

218 2387 295 2423 post
320 2379 433 2412 diffie.
459 2379 565 2410 maior
590 2387 726 2415 rasura,
751 2376 786 2407 in
812 2385 877 2416 qua
901 2374 1005 2405 tertia
1030 2373 1145 2403 littera
1170 2370 1191 2400 d
1218 2380 1304 2400 nunc
1329 2378 1459 2410 quoque
1484 2370 1643 2407 apparet,
1682 2364 1811 2396 diffici-

221 2428 290 2458 lius
307 2427 356 2458 sit
373 2427 450 2457 edd.
548 2425 588 2455 10
612 2421 848 2454 inscientiam
868 2420 905 2459 G,
932 2418 1149 2460 insipientia
1174 2417 1236 2446 MS
1330 2412 1543 2454 negligendi
1569 2412 1588 2442 S
1683 2412 1721 2442 11
1750 2421 1814 2441 no—

220 2474 338 2504 uimus
365 2481 473 2512 quam
500 2470 642 2501 discere
667 2468 745 2500 edd.
772 2470 853 2497 uett.
882 2465 1048 2496 nouimus
1074 2462 1217 2493 discere
1243 2461 1281 2499 G,
1307 2460 1411 2490 nobis
1437 2458 1576 2489 discere
1602 2457 1664 2486 MS
1775 2456 1815 2487 15
1847 2495 1849 2497 Ι

221 2518 336 2560 partis
362 2519 381 2547 S
476 2515 577 2547 scola
603 2515 672 2544 GM
768 2512 808 2542 16
834 2519 1085 2543 consummere
1112 2509 1138 2538 G
1239 2508 1279 2537 17
1307 2503 1511 2536 discrimini
1537 2502 1601 2533 sed
1626 2503 1663 2540 G,
1692 2501 1816 2532 discri-

181 2566 188 2574 ‘
222 2565 317 2595 minc
344 2562 407 2594 sod
433 2563 495 2592 MS
590 2558 809 2591 combibisse
835 2557 922 2588 coni.
950 2556 1134 2586 Buttmann
1229 2553 1270 2583 18
1298 2561 1339 2582 eo
1366 2551 1410 2581 G:
1436 2560 1498 2581 om.
1526 2549 1600 2579 rell.
1627 2548 1697 2579 noli
1721 2551 1754 2578 et
1779 2554 1812 2587 ς,

221 2611 266 2650 ef,
286 2613 317 2648 f),
338 2611 367 2643 4,
388 2610 431 2638 20
526 2607 631 2647 quasi
657 2604 704 2636 sit
730 2613 807 2634 nos:
835 2612 905 2643 qua
931 2601 978 2632 sit
1003 2601 1042 2640 G,
1070 2599 1156 2641 quia
1182 2598 1231 2629 sit
1255 2597 1349 2631 MSg
1443 2593 1679 2625 omittendam
1706 2593 1733 2622 G

223 2654 389 2686 discendi
416 2654 435 2683 S
530 2654 571 2684 19
597 2661 667 2682 non
694 2649 729 2680 in
756 2658 828 2679 una
854 2648 880 2677 G
905 2648 1014 2679 solus:
1040 2655 1113 2676 una
1137 2644 1200 2675 MS
1296 2644 1352 2673 est
1376 2641 1496 2681 malim,
1523 2640 1568 2678 ef.
1592 2644 1700 2670 lamen
1718 2638 1764 2668 ad
1781 2639 1814 2675 ·1‚

226 2701 317 2738 1,65
412 2698 554 2740 spctiae
581 2698 618 2735 G,
646 2694 790 2737 species
815 2694 850 2723 M
943 2701 998 2722 res
1023 2691 1148 2722 uarias
1172 2689 1418 2730 supplem'mus:
1445 2697 1505 2717 om.
1530 2685 1619 2725 libri,
1646 2686 1708 2714 sed
1732 2683 1757 2712 G
1783 2683 1816 2712 in

224 2756 346 2777 rasura
372 2746 460 2775 &fill
486 2745 693 2775 litterar-mn:
725 2740 887 2771 obiectum
911 2737 1006 2769 uerbi
1031 2735 1226 2768 desiderari
1249 2737 1343 2764 reete
1372 2732 1520 2763 Rollimzs
1545 2731 1726 2770 per-spemin

224 2795 264 2823 21
293 2790 484 2822 scolastici
502 2789 600 2820 GMS
693 2787 735 2817 ‘22
763 2788 893 2826 poscat
918 2793 1034 2814 annos
1060 2792 1138 2813 nos:
1165 2790 1280 2811 annos
1305 2779 1391 2815 libri,
1417 2778 1480 2809 sed
1503 2777 1536 2807 in
1554 2776 1581 2805 G
1605 2778 1684 2805 ante
1704 2783 1818 2804 annos

225 2849 295 2868 nor.
325 2847 455 2866 (τι-ιικιιηι
481 2840 548 2872 est,
583 2834 674 2863 cuius
705 2833 792 2862 deme
817 2831 946 2871 primae
971 2829 1107 2860 litterae
1133 2836 1178 2867 po
1205 2826 1362 2856 uidentur·
1390 2823 1517 2863 fuisse,
1549 2830 1662 2851 annos
1687 2821 1818 2860 poscat

225 2884 301 2913 mlrl.
329 2886 410 2912 nell.
544 2879 639 2911 enim
666 2877 748 2919 plus
775 2887 817 2907 ex
843 2877 862 2906 S
984 2873 1041 2904 his
1067 2871 1234 2914 partibus
1259 2870 1347 2909 lz'hri,
1373 2867 1514 2899 artibus
1540 2870 1589 2897 est
1614 2866 1677 2896 iam
1704 2866 1736 2894 z'n
1763 2865 1815 2896 ed.

228 2929 340 2966 l'mnp.
367 2927 413 2965 ef.
431 2926 449 2963 ξ
468 2929 487 2954 {l
580 2926 622 2955 ⁴23
650 2921 836 2954 contrahis
863 2921 917 2952 GS
1011 2919 1093 2949 idco
1122 2917 1254 2948 Badius
1347 2915 1390 2945 24
1416 2923 1487 2944 non
1515 2916 1570 2942 est
1594 2921 1655 2943 om.
1681 2910 1745 2939 MS

228 2973 347 3013 spatio
373 2982 434 3002 om.
459 2972 478 3000 S
562 2969 607 3000 ad
631 2967 864 2998 traditionem
891 2966 1035 3006 scripsi:
1062 2974 1105 2994 ac
1131 2962 1330 2993 traditione
1349 2960 1443 2996 (383,
1473 2968 1516 2988 ac
1536 2956 1767 2988 condictione
1785 2955 1820 2984 M

296 3020 353 3049 est
378 3015 597 3047 exercitatio
621 3014 763 3054 scripsi:
791 3016 845 3043 est
870 3011 956 3048 Iilnz',
981 3011 1044 3041 secl
1068 3010 1100 3040 in
1118 3009 1144 3038 G
1168 3011 1245 3049 post
1271 3010 1320 3038 esc
1346 3006 1452 3037 maior
1476 3007 1525 3034 esc
1543 3013 1668 3034 rasura
1687 3001 1819 3032 10—12
