1939 3180
210 108 288 149 186
729 115 1023 154 QUINTILIANI
1054 115 1175 146 INST.
1209 117 1284 147 on.

206 220 277 261 ille
308 234 472 274 paeane
503 218 795 273 dochmioque,
828 232 1008 273 quorum
1038 219 1154 272 prior
1184 219 1230 259 in
1260 220 1486 274 quattuor,
1520 219 1730 260 secundus
1761 217 1807 258 in

139 289 193 331 80
206 288 392 343 quinque
425 286 625 341 excurrit,
657 288 817 328 utatur.
859 300 940 327 nec
970 288 1115 327 tamen
1146 286 1237 340 ipse
1263 286 1520 340 dissimulat,
1555 286 1807 341 quibusdam

206 370 405 397 numeros
445 355 581 396 uideri
619 369 707 396 non
746 354 895 409 pedes,
935 368 1072 409 neque
1103 354 1324 396 inmerito:
1365 354 1567 409 quidquid
1599 357 1663 395 est
1694 354 1808 395 enini

207 439 335 478 supra
366 423 445 464 tris
476 423 685 478 syllabas,
718 423 761 464 id
792 425 857 464 est
887 434 939 464 ex
968 422 1386 477 pluribuscpedibus.
1449 436 1551 477 ergo
1584 436 1679 463 cum
1711 436 1807 463 con-

207 494 324 534 stent
354 494 555 547 quattuor
584 491 714 546 pedes
737 491 866 545 binis,
900 493 996 532 octo
1027 491 1189 544 ternis„x
1211 484 1423 548 spondion
1453 489 1596 545 longis
1627 489 1803 544 duabus,

206 560 491 615 pyrrichium,
537 574 663 615 quem
703 559 775 600 alii
819 560 1086 614 pariambum
1130 560 1308 613 uocant,
1352 558 1573 612 breuibus,
1617 558 1806 599 iambum

207 629 326 670 breui
357 628 583 683 longaque,
616 628 716 670 huic
749 628 1011 669 contrarium
1042 643 1063 669 e
1095 628 1226 683 longa
1257 629 1300 668 et
1330 626 1449 668 breui
1472 626 1685 679 choreum,
1718 640 1807 667 11011

138 697 190 739 81
206 699 254 739 ut
285 697 371 751 alii,
404 697 654 738 trochaeum
684 697 967 738 nominemus.
1029 711 1079 737 ex
1110 696 1308 750 iis‘uero,
1342 696 1414 750 qui
1444 697 1590 736 ternas
1621 694 1807 749 syllabas

206 766 389 820 habent,
430 765 647 821 dactylum
686 765 818 820 longa
856 765 1101 820 duabusque
1139 764 1360 818 breuibus,
1407 764 1507 805 huic
1544 762 1807 817 temporibus

207 848 375 889 parem,
423 834 494 875 sed
534 836 649 876 retro
689 837 832 876 actum
871 833 1080 888 appellari
1122 834 1291 874 constat
1329 833 1607 887 anapaeston.
1668 830 1808 872 media

207 902 321 944 inter
359 902 511 958 longas
549 903 693 944 breuis
731 903 862 944 faciet
901 901 1246 957 amphimacron,
1294 902 1368 942 sed
1405 899 1673 955 frequentius
1720 899 1808 940 eius

207 985 364 1013 nomen
397 974 462 1013 est
493 972 695 1026 creticus,
728 971 860 1026 longa
890 971 1005 1012 inter
1035 971 1177 1012 breuis
1208 969 1548 1025 amphibrachyn
1580 967 1679 1009 huic
1712 982 1808 1008 con-

142 1039 196 1081 82
209 1039 403 1081 trarium.
480 1040 642 1081 duabus
688 1039 830 1095 longis
881 1040 1054 1081 breuem
1097 1042 1346 1090 sequentibus
1389 1040 1601 1087 bacchius,
1651 1039 1809 1078 totidem

208 1113 336 1159 [messis
378 1112 536 1150 breuem
582 1108 938 1164 praecedentibus
982 1106 1320 1163 palimbacchius
1365 1107 1459 1148 erit.
1527 1108 1614 1147 tres
1660 1105 1810 1146 breues

209 1176 477 1232 trochaeum,
525 1192 649 1232 quem
687 1177 939 1232 tribrachyn
979 1176 1061 1218 clici
1100 1176 1251 1217 uolunt
1262 1209 1272 1230 ,
1319 1176 1390 1230 qui
1430 1174 1582 1216 choreo
1620 1173 1810 1214 trochaei

1826 506 1842 531 5

1828 848 1859 873 10

1832 1189 1863 1215 15

141 1247 195 1289 83
209 1260 366 1286 nomen
397 1245 624 1301 inponunt,
657 1246 836 1287 totidem
867 1246 1022 1300 longae
1053 1245 1266 1286 molosson
1297 1243 1498 1285 efficient.
1560 1241 1711 1283 horum
1741 1256 1841 1296 pen

211 1315 309 1355 dum
340 1314 482 1356 nullus
514 1329 602 1356 non
632 1315 677 1356 in
709 1314 947 1355 orationem
969 1314 1100 1367 uenit,
1134 1312 1206 1354 sed
1237 1327 1320 1367 quo
1345 1312 1497 1366 quique
1521 1312 1621 1352 sunt
1650 1311 1811 1364 tempo-

210 1383 327 1424 ribus
357 1383 572 1438 pleniores
603 1383 829 1438 longisque
860 1382 1036 1437 syllabis
1067 1381 1205 1436 magis
1237 1380 1427 1434 stabiles,
1460 1379 1540 1420 hoc
1569 1379 1812 1434 grauiorem

209 1452 379 1493 faciunt
409 1452 667 1506 orationem,
702 1452 852 1493 breues
885 1451 1064 1492 celerem
1096 1464 1146 1491 ac
1175 1449 1389 1491 mobilem.
1451 1450 1677 1502 utrumque
1707 1446 1811 1489 locis

211 1520 335 1562 utile:
374 1536 476 1562 nam
508 1523 551 1562 et
580 1520 705 1574 illud,
746 1519 818 1561 ubi
857 1534 962 1574 opus
1004 1521 1067 1560 est
1104 1517 1353 1570 uelocitate,
1392 1516 1563 1558 tardum
1595 1518 1637 1557 et
1667 1530 1810 1571 segne,

213 1592 255 1631 et
285 1589 380 1644 1100,
413 1590 485 1631 ubi
516 1589 682 1643 pondus
714 1589 920 1644 exigitur,
954 1601 1160 1642 praeceps
1192 1601 1241 1628 ac
1271 1585 1484 1627 resultans
1514 1584 1667 1626 merito
1699 1584 1813 1625 dam-

145 1658 200 1699 84
213 1660 353 1700 netur.
416 1658 471 1699 sit
508 1659 553 1699 in
592 1657 673 1699 hoc
717 1671 882 1712 quoque
922 1656 1082 1710 aliquid
1122 1655 1303 1696 fortasse
1348 1653 1576 1706 momenti,
1622 1652 1733 1707 quod
1772 1654 1814 1694 et

212 1727 353 1782 longis
384 1727 600 1782 longiores
633 1728 674 1768 et
696 1725 895 1767 breuibus
918 1726 1019 1766 sunt
1041 1723 1255 1765 breuiores
1284 1722 1494 1777 syllabae:
1526 1723 1587 1776 ut,
1620 1721 1813 1776 quamuis

212 1810 347 1850 neque
379 1795 473 1850 plus
495 1795 657 1837 duobus
688 1794 949 1849 temporibus
972 1807 1109 1848 neque
1131 1806 1215 1833 uno
1244 1791 1384 1832 minus
1406 1790 1563 1832 habere
1585 1789 1814 1831 uideantur

308 1971 323 2001 1
352 1980 470 2011 pcane
495 1970 598 2009 AGS,
627 1979 765 2011 paeone
790 1976 822 2007 ς,
849 1978 944 2010 pauo
969 1969 1005 1998 Μ
1098 1965 1348 2006 dochimz‘oquc
1374 1962 1501 2006 (-quae
1527 1974 1581 2004 pr.
1606 1961 1664 2003 m.)
1690 1963 1730 2001 A,
1757 1961 1816 1994 do-

215 2015 373 2046 chimnio
401 2026 493 2056 quae
521 2016 562 2051 G,
589 2014 788 2046 dociminio
815 2024 883 2055 que
910 2015 962 2053 M,
998 2012 1269 2053 dolominioque
1295 2012 1314 2041 S
1453 2011 1472 2040 2
1499 2009 1641 2040 excurri
1669 2010 1817 2049 putatur

214 2062 359 2101 AGMS,
388 2072 447 2093 em.
475 2061 598 2102 Reffl'as
692 2062 711 2092 3
738 2069 907 2091 numerus
933 2060 971 2097 G,
999 2058 1138 2089 numeri
1163 2058 1198 2088 M
1292 2059 1349 2087 cst
1375 2055 1469 2086 enim
1494 2056 1539 2085 A:
1568 2055 1663 2085 enim
1690 2054 1816 2088 GMsg

306 2109 326 2137 4
352 2110 496 2138 constet
520 2106 655 2137 AGMS
773 2106 793 2137 5
819 2105 938 2136 obinis
965 2105 991 2135 G
1017 2104 1185 2146 (pedibus
1212 2104 1324 2135 eomis
1350 2102 1383 2132 Si
1486 2100 1665 2142 spondion
1692 2100 1814 2130 AGM:

215 2152 414 2193 spondeum
441 2154 489 2186 ὃς
583 2154 602 2184 6
629 2151 875 2193 pyrrhichium
903 2159 924 2185 ς
1018 2160 1123 2191 quem
1150 2159 1187 2179 a:
1215 2159 1306 2190 quac
1333 2147 1407 2181 AG,
1435 2156 1502 2187 que
1529 2147 1591 2176 MS
1686 2145 1751 2175 aliz·
1773 2145 1814 2183 A,

215 2199 291 2229 alia
309 2199 364 2228 GS
459 2198 629 2229 breuibus
645 2198 674 2228 A
767 2196 951 2227 hiambum
976 2197 1014 2234 G,
1041 2195 1234 2235 hyambum
1252 2194 1287 2223 M
1381 2194 1399 2224 7
1426 2192 1536 2232 longa
1553 2192 1661 2221 Msa:
1687 2190 1814 2230 longa-

217 2255 310 2284 quae
336 2243 400 2274 AG
537 2244 643 2275 breui
670 2242 840 2274 choreum
869 2248 1029 2278 <coreum
1056 2241 1090 2276 a)
1117 2241 1195 2270 Ma:
1222 2239 1451 2270 breuioreum
1475 2236 1515 2276 A,
1543 2236 1747 2267 breuiorum
1774 2236 1813 2274 G,

216 2290 320 2321 breui
346 2290 416 2320 huc
443 2290 462 2319 S
556 2290 576 2320 8
604 2289 652 2320 ali
677 2288 756 2319 A¹G
853 2287 1041 2318 trocheum
1067 2286 1202 2317 AGMS
1318 2286 1337 2316 9
1365 2282 1505 2314 dactili]
1531 2282 1677 2322 AGMS,
1703 2281 1766 2312 sed
1788 2281 1818 2311 A

219 2337 239 2368 ᾖ
265 2337 299 2367 in
324 2346 450 2366 rasura
476 2334 574 2366 habet
716 2336 755 2365 10
783 2333 948 2375 appell-ar
973 2331 1053 2363 A¹G
1194 2335 1398 2371 anapeston
1423 2329 1559 2359 AGMS
1676 2329 1712 2358 ll
1742 2337 1815 2357 am—

216 2381 429 2423 phimacron
456 2389 490 2410 a:
535 2379 788 2422 amphimacon
813 2379 895 2415 AG,
938 2377 1200 2418 amphymaron
1225 2377 1280 2414 M,
1317 2374 1603 2415 amphimacrum
1630 2373 1681 2407 ὃς

218 2429 258 2458 12
284 2427 417 2458 breues
443 2427 490 2461 ὃς
623 2425 914 2467 amphibrachyn
940 2424 1024 2455 huic
1051 2422 1286 2454 contrarium.
1319 2420 1459 2451 duabus
1486 2419 1605 2460 longis
1632 2417 1818 2457 Spaldz'ugy:

219 2472 515 2514 amphibrachios
545 2471 753 2511 (bracchios
778 2481 832 2511 pr.
859 2470 917 2509 711.)
944 2469 1028 2500 huic
1056 2468 1153 2499 ausis
1180 2467 1299 2506 longis
1324 2467 1372 2504 A,
1406 2464 1577 2496 brachios
1610 2463 1693 2494 huic
1719 2463 1817 2493 ausis

217 2518 338 2558 longis
357 2519 394 2556 G,
424 2517 655 2549 ambrachios
674 2516 758 2547 huic
779 2515 901 2547 causis
926 2514 1048 2554 longis
1063 2515 1138 2552 MS,
1166 2511 1467 2554 amphibrachys,
1494 2509 1636 2541 duabus
1661 2509 1778 2549 longis
1797 2516 1818 2542 ς

312 2566 351 2595 13
384 2562 621 2604 sequentibus
646 2581 689 2585 —-
715 2562 863 2593 breuem
889 2571 950 2593 om.
977 2560 1071 2594 libri:
1103 2562 1225 2590 lacuna
1256 2558 1395 2597 primum
1426 2557 1566 2596 expleta
1598 2558 1647 2586 cst
1680 2565 1700 2585 α
1726 2554 1816 2584 Lan-

220 2611 328 2641 rcnlz'o
360 2610 514 2641 bf'allensz·
654 2609 692 2638 14
719 2606 989 2648 palimbachius
1015 2615 1052 2642 a,
1079 2603 1338 2645 palinahahius
1363 2603 1410 2642 A,
1438 2600 1650 2643 palibahius
1676 2599 1713 2638 G,
1740 2597 1817 2639 pal—

220 2656 328 2686 maba
354 2654 410 2685 his
436 2655 499 2684 MS
642 2656 681 2684 15
707 2652 888 2683 tribachin
914 2652 988 2689 AG,
1017 2649 1240 2681 tribachium
1266 2649 1301 2678 M
1419 2647 1550 2677 choreo
1576 2655 1612 2675 a:
1640 2654 1745 2675 coreo
1770 2644 1816 2682 M,

220 2701 346 2732 horico
372 2701 418 2738 A,
445 2699 587 2730 horihio
614 2699 657 2738 G,
685 2697 828 2729 oritheo
856 2698 874 2727 S
1015 2695 1157 2727 trochei
1182 2704 1219 2733 a,
1246 2693 1366 2725 trohei
1391 2693 1431 2731 A,
1459 2691 1601 2732 trophei
1628 2690 1671 2729 G,
1700 2688 1818 2719 trochi

220 2748 282 2776 MS
378 2746 417 2775 16
444 2745 593 2775 totidem
622 2744 729 2785 longe
755 2744 798 2777 M,
825 2742 1017 2783 tytylongu
1044 2741 1148 2780 AGS,
1175 2738 1368 2779 tytylonkc
1394 2747 1415 2767 a
1530 2735 1703 2766 milosson
1728 2732 1818 2772 A1G,

220 2792 373 2822 miloson
400 2792 419 2820 S
514 2790 679 2822 efficient
703 2789 783 2819 AG:
811 2787 977 2819 efficiunt
1002 2788 1064 2817 MS
1175 2786 1214 2816 17
1241 2785 1406 2815 oratione
1433 2792 1465 2821 a,
1494 2780 1633 2812 ratione
1659 2780 1734 2820 AG,
1762 2789 1819 2809 ra-

220 2839 357 2867 tionem
383 2837 445 2866 MS
541 2835 635 2876 quod
663 2835 814 2876 quisquc
840 2833 961 2872 AGM,
990 2842 1132 2873 quoquc
1160 2831 1291 2872 quique
1318 2831 1337 2859 S
1450 2829 1487 2858 18
1515 2827 1580 2856 hoc
1610 2826 1735 2856 Aldus.-
1763 2825 1819 2855 his

221 2883 355 2911 AGMS
453 2884 492 2912 10
519 2881 604 2911 loris
628 2881 672 2910 A:
702 2880 818 2919 longis
845 2880 953 2911 GMS.
980 2888 1104 2908 ras-nra
1130 2878 1161 2906 in
1180 2877 1208 2905 A
1232 2875 1375 2915 spatium
1402 2873 1541 2912 amplius
1567 2872 1714 2903 imlirrtl:
1740 2870 1821 2911 qnid

221 2928 400 2967 scripserit
427 2928 649 2965 Quintilianus·
674 2927 834 2957 incertum
861 2930 926 2960 ext,
958 2925 1021 2954 sed
1045 2926 1211 2963 uulgatum
1236 2931 1301 2951 mm.
1334 2920 1506 2960 quadrare
1539 2922 1703 2958 apparet,
1733 2917 1817 2955 sort.

224 2972 312 3003 locis
339 2972 415 3003 suis·
507 2974 550 3004 20
575 2971 665 3003 illud
691 2972 717 3001 G
743 2981 832 3003 corr.
860 2972 932 3001 Im.
959 2979 1005 3000 ew
1030 2968 1094 2999 illc
1187 2967 1230 2998 24
1255 2963 1425 2996 uideatur
1450 2964 1546 2993 GMS
1626 2978 1642 2989 f

1832 1532 1865 1557 20
