1955 3228
691 676 1280 745 PRAEFATIO.

952 839 954 841 ,
981 838 1052 845 rsaea

295 960 379 1014 Ad
423 970 556 1012 libros
602 984 708 1025 quos
750 967 1039 1018 Quintilianus
1087 965 1138 1006 de
1185 965 1274 1005 arte
1320 961 1506 1004 oratoria
1551 947 1793 1015 composuit

182 1051 472 1096 emendandos
503 1049 629 1092 nobis
659 1048 706 1090 hi
736 1048 835 1091 libri
865 1062 995 1090 manu
1027 1044 1176 1100 scripti
1206 1044 1376 1099 praesto
1407 1041 1602 1083 fuerunt:

353 1131 666 1174 Ambrosianus
697 1129 734 1171 E
770 1129 871 1183 153,
903 1127 1030 1169 Parte
1062 1124 1300 1181 superiore,
1332 1123 1422 1164 siue
1453 1121 1602 1162 Ambr.
1634 1119 1668 1161 I.

354 1211 589 1255 Bernensis
620 1225 736 1252 num.
768 1209 865 1252 351.

356 1291 690 1347 Bambergensis
722 1289 788 1344 M,
819 1287 894 1343 IV,
932 1290 994 1329 14.

358 1370 761 1429 Argentoratensis,
803 1384 886 1424 quo
920 1368 1008 1411 Uh·.
1042 1366 1283 1409 Obrechtus
1314 1378 1414 1406 usus
1447 1365 1522 1404 est.

358 1452 632 1495 Monacensis
666 1450 756 1493 cod.
790 1449 881 1491 Lat.
915 1465 955 1490 11.
988 1448 1142 1489 2:3473.

303 1533 482 1576 Codex
514 1531 924 1584 Ambrosianus,
964 1528 1073 1570 liber
1105 1527 1290 1582 optimae
1322 1527 1469 1578 notae,
1502 1523 1620 1565 cuius
1651 1522 1802 1577 quarta

186 1616 276 1658 fere
315 1628 413 1670 pars
453 1612 672 1655 intercidit
710 1610 808 1652 inde
848 1624 871 1651 a
911 1609 984 1650 lib.
1017 1608 1099 1662 lx,
1135 1609 1182 1661 4,
1219 1606 1299 1648 135
1338 1619 1469 1659 usque
1509 1603 1561 1645 ad
1597 1603 1670 1644 lib.
1703 1600 1801 1655 XII,

190 1696 265 1749 11,
295 1693 372 1748 22,
410 1693 538 1749 plane
569 1692 791 1748 neglectus
831 1690 1036 1742 iacuerat,
1077 1688 1212 1729 donee
1243 1700 1339 1727 011111
1368 1683 1668 1739 Spaldingius,
1707 1695 1803 1723 cum

188 1775 273 1817 iam
311 1774 448 1816 maior
493 1787 590 1827 pars
631 1770 830 1813 editionis
877 1769 928 1810 ab
976 1783 1024 1809 00
1073 1770 1242 1809 curatae
1291 1765 1404 1819 typis
1445 1776 1643 1818 expressa
1681 1763 1804 1814 esset,

188 1855 374 1911 primum
396 1852 630 1896 Mediolani
662 1850 901 1893 accuratius
930 1848 1117 1903 inspexit
1148 1850 1190 1889 ct
1220 1846 1271 1887 ad
1303 1845 1459 1886 librum
1481 1857 1643 1884 nonum
1665 1855 1805 1884 emen-

191 1935 379 1978 dandum
410 1933 617 1976 adhibuit.
670 1931 789 1973 Idem
820 1930 1026 1972 lectiones
1060 1928 1320 1983 reliquorum
1352 1925 1559 1966 librorum
1588 1923 1806 1977 excerptas

190 2016 318 2072 paulo
341 2017 439 2057 ante
463 2014 629 2056 obitum
652 2027 773 2054 Suum
797 2011 981 2065 accepit,
1005 2025 1110 2064 quae
1139 2007 1291 2050 deinde
1314 2022 1337 2047 a
1360 2004 1558 2059 Zuniptio
1582 2004 1625 2044 in
1653 2002 1736 2044 uol.
1754 2000 1813 2043 V„

193 2096 395 2139 editionis
417 2093 751 2151 Spaldingianae
773 2091 1014 2146 publicatae
1038 2092 1148 2130 sunt.
1201 2086 1283 2130 Sed
1306 2101 1401 2128 cuin
1424 2099 1553 2139 opera
1574 2083 1808 2125 lectionum

194 2175 569 2220 exscribendarum
599 2174 652 2215 ab
683 2172 858 2214 homine
889 2170 999 2212 Italo
1023 2170 1220 2224 suscepta
1242 2169 1373 2220 esset,
1407 2180 1503 2220 spes
1535 2178 1622 2205 11011
1654 2162 1810 2204 fefellit

194 2273 245 2300 ex
276 2256 422 2299 codice
462 2256 617 2297 iterum
649 2266 827 2295 excusso
859 2251 1041 2292 multum
1081 2250 1244 2290 fructus
1284 2247 1336 2288 ad
1375 2247 1621 2287 contextum
1660 2243 1808 2284 uerbo-

194 2353 289 2393 rum
312 2335 624 2379 emendandum
645 2332 979 2375 redundaturum
1013 2345 1117 2372 csse.
1171 2328 1301 2371 Cuius
1333 2325 1523 2382 percepti
1554 2325 1645 2366 laus
1670 2322 1809 2364 omnis

196 2418 374 2460 debetur
396 2416 662 2458 Gulielmo
686 2411 1067 2465 Studemundo,
1089 2408 1253 2451 homini
1282 2408 1326 2448 in
1347 2406 1468 2448 libris
1489 2419 1618 2446 manu
1641 2402 1810 2456 scriptis

196 2497 389 2555 legendis
427 2497 473 2538 in
510 2495 660 2551 primis
701 2494 884 2535 uersato.
955 2490 997 2533 15
1046 2490 1183 2545 primo
1225 2503 1293 2530 eas
1338 2488 1480 2542 partes
1526 2481 1810 2526 institutionis

198 2578 430 2632 oratoriae,
471 2590 577 2631 quae
618 2575 663 2616 in
702 2573 846 2616 codice
877 2570 1088 2614 Beruensi
1127 2568 1440 2619 desiderantur,
1483 2564 1600 2619 (nain
1641 2562 1693 2603 ad
1733 2561 1810 2602 has

196 2659 373 2701 meliore
420 2656 699 2699 fundamento
741 2653 888 2695 critico
935 2650 1162 2707 praecipue
1202 2662 1308 2702 opus
1349 2659 1440 2687 esse
1485 2640 1726 2697 uidebatur)
1766 2641 1812 2682 in

198 2738 488 2781 Ambrosiano
520 2737 674 2778 iterum
705 2733 813 2789 legit
847 2732 1137 2784 lectionesque
1169 2743 1193 2769 a
1225 2742 1269 2768 se
1301 2723 1628 2781 diligentissime
1660 2720 1812 2763 exscri-

199 2821 296 2875 ptas
326 2817 434 2860 mihi
466 2817 579 2859 dono
612 2814 748 2856 dedit:
782 2828 832 2854 ex
864 2812 1017 2866 quibus
1050 2824 1146 2851 cuin
1178 2805 1479 2862 cognouissem
1511 2817 1638 2858 quam
1668 2801 1812 2856 negle-

199 2901 352 2956 genter
389 2897 519 2939 homo
550 2895 685 2937 Italus
724 2894 770 2935 in
799 2891 976 2947 negotio
1018 2903 1093 2931 suo
1125 2888 1318 2929 uersatus
1351 2887 1482 2939 esset,
1521 2897 1679 2924 nouam
1710 2879 1811 2921 artis

201 2978 410 3022 oratoriae
432 2977 685 3030 editionem,
718 2988 844 3030 quam
865 2983 1236 3028 praeparauerain,
1268 2980 1464 3010 mancam
1490 2964 1582 3005 fore
1604 2958 1810 3012 intellexi,
