1987 3212
289 77 367 118 196
804 87 1097 125 QUINTILIANI
1131 89 1249 119 INST.
1283 89 1358 120 on.

218 189 542 233 73111diearunt.
596 191 631 230 si
660 191 806 231 tamen
836 193 972 245 pater,
1005 191 1077 246 qui
1108 191 1254 233 diuisit
1283 192 1585 246 patrimonium
1607 196 1650 235 et
1669 208 1761 235 reos
1783 210 1876 249 par-

284 258 422 299 ricidii
445 257 649 311 defendit,
683 258 743 299 516
766 261 889 313 agat:
921 259 1053 314 equod
1076 262 1224 301 contra
1245 260 1384 315 legem
1406 260 1579 316 sufficit,
1602 262 1877 316 parricidium

283 326 466 367 obicitur
496 326 742 380 iuuenibus,
783 341 962 381 quorum
1000 330 1123 382 pater
1146 328 1270 373 ,uiuit
1301 330 1427 383 atque
1459 329 1587 370 etiam
1616 330 1761 372 liberis
1792 331 1877 372 suis

283 395 416 436 adest.
468 394 659 435 ordinem
690 394 752 435 rei
783 410 957 436 narrare
989 395 1089 450 quid
1109 398 1281 438 necesse
1311 399 1388 450 est,
1423 412 1517 438 611111
1539 398 1589 438 3(1
1611 398 1749 453 legem
1769 398 1879 440 nihil

282 462 530 517 pertineat?
571 463 642 504 sed
681 463 716 504 si
749 463 1058 505 confessionem
1093 464 1241 519 culpae
1271 479 1390 506 meae
1429 465 1622 520 exigitis,
1662 465 1725 506 fui
1755 468 1912 520 pater5

282 531 410 572 durus
442 533 483 572 et
513 531 774 585 patrimonii,
806 532 916 586 quod
945 532 1030 573 iam
1051 532 1201 573 melius
1223 532 1276 573 ab
1297 532 1363 574 his
1385 533 1673 575 administrari
1695 537 1876 589 poterat,

214 599 266 640 74
281 602 407 641 tenax
442 601 627 641 custos':
660 600 811 640 deinde
843 600 1026 641 subiciat
1056 592 1317 642 ‘stimulatos
1349 601 1401 642 ab
1434 601 1500 656 iis,
1533 596 1710 656 quorum
1740 602 1877 643 indul-

281 668 498 723 gentiores
528 670 729 722 parentes
761 670 904 709 erant:
944 683 1108 723 semper
1138 671 1284 710 tamen
1315 669 1514 711 habuisse
1546 684 1641 711 eum
1672 670 1874 725 animum,

280 736 351 791 qui
382 736 437 777 sit
468 738 625 778 euentu
655 736 900 791 deprensus,
932 739 980 778 ut
1001 737 1190 778 occidere
1211 739 1377 792 patrem
1399 752 1485 779 non
1507 740 1693 793 possent.
1740 730 1876 794 neque

281 805 395 846 6111111
426 805 516 846 11116
538 805 717 846 iurando
749 820 853 860 opus
883 805 1026 858 fuisse,
1060 806 1095 846 si
1127 805 1283 860 alioqui
1314 806 1394 847 hoc
1424 806 1579 848 mentis
1609 806 1873 862 habuissent,
1896 823 1927 847 10

279 888 358 914 nec
398 876 530 927 sorte,
581 873 665 914 nisi
705 874 813 928 quod
853 888 896 914 se
936 874 1110 929 quisque
1151 874 1277 915 eximi
1315 874 1542 916 uoluerit':
1587 875 1730 916 omnia
1770 875 1876 916 11366

279 941 602 996 qualiacumque
633 941 936 996 placidioribus
968 943 1121 983 animis
1154 943 1430 997 accipientur,
1463 942 1538 984 illa
1568 943 1683 985 breui
1712 944 1875 998 primae

211 1010 264 1050 75
277 1009 582 1064 propositionis
620 1010 867 1051 defensione
906 1011 1084 1052 mollita.
1145 1013 1189 1052 at
1221 1025 1313 1052 cum
1345 1011 1564 1066 quaeritur
1603 1014 1681 1052 ean
1711 1012 1874 1053 factum

277 1079 354 1119 sit'
393 1078 462 1119 uel
501 1078 650 1132 ‘quale
680 1078 843 1120 factum
882 1079 1124 1133 sit’,-r1*licet
1162 1079 1304 1119 omnia
1344 1081 1492 1120 contra
1530 1093 1607 1121 nos
1645 1079 1754 1134 sint,
1793 1095 1874 1135 quo

276 1146 399 1187 modo
429 1148 575 1187 tamen
607 1147 768 1188 euitare
791 1147 1098 1201 expositionem
1120 1147 1238 1188 salua
1261 1161 1411 1188 causae
1433 1147 1600 1188 ratione
1621 1148 1874 1202 possumus?
1893 1163 1925 1189 15

276 1215 471 1256 narrauit
503 1217 736 1269 accusator,
767 1230 903 1269 neque
935 1215 1008 1270 ita,
1047 1217 1095 1256 ut
1126 1230 1232 1270 quae
1264 1218 1407 1257 essent
1438 1217 1534 1257 acta
1565 1218 1733 1257 tantum
1765 1216 1873 1266 indi-

278 1285 406 1337 caret,
441 1282 513 1323 sed
545 1283 700 1324 adiecit
729 1283 949 1338 inuidiam,
983 1298 1071 1324 rem
1102 1284 1243 1325 uerbis
1275 1284 1567 1338 exasperauit:
1601 1287 1873 1326 accesserunt

209 1352 260 1392 76
274 1351 559 1405 probationes,
594 1352 807 1406 peroratio
837 1352 1031 1393 incendit
1063 1354 1104 1392 et
1133 1353 1282 1406 plenos
1312 1352 1400 1393 irae
1430 1352 1616 1407 reliquit.
1676 1355 1873 1406 expectat

275 1419 528 1460 naturaliter
558 1420 696 1475 iudex,
730 1421 829 1475 quid
860 1422 1058 1461 narretur
1089 1420 1269 1461 anobis,
1322 1419 1482 1461 51111111]
1506 1420 1768 1475 exponimus,
1799 1420 1872 1461 illa

276 1503 380 1542 esse,
415 1502 522 1543 quae
555 1487 822 1530 aduersarius
852 1489 972 1543 dixit,
1005 1491 1046 1530 et
1067 1489 1185 1543 talia,
1219 1488 1360 1543 qualia
1382 1488 1501 1542 dixit,
1535 1488 1680 1530 credat
1699 1503 1871 1530 necesse
1890 1506 1922 1531 20

274 1559 351 1598 est.
405 1556 503 1611 quid
536 1556 669 1611 ergo?
700 1556 846 1598 eadem
878 1552 1168 1611 exponemus?
1208 1557 1243 1598 si
1265 1557 1315 1598 de
1336 1557 1541 1611 qualitate
1564 1557 1720 1612 agitur,
1754 1557 1870 1598 cuius

272 1628 365 1665 tum
398 1625 565 1665 demum
597 1626 787 1679 quaestio
819 1628 905 1680 est,
948 1640 1041 1667 cum
1081 1626 1131 1666 de
1162 1640 1206 1667 re
1238 1628 1426 1680 constat,
1468 1625 1632 1679 eadem,
1673 1625 1745 1666 sed
1782 1640 1870 1667 non

274 1694 420 1734 eodem
451 1693 595 1734 modo:
628 1694 730 1735 alias
765 1709 927 1748 causas,
962 1694 1087 1735 aliam
1118 1696 1319 1747 mentem,
1353 1693 1481 1734 aliam
1511 1694 1722 1735 rationem
1744 1694 1866 1735 dabo.

205 1762 255 1803 77
272 1762 412 1803 uerbis
444 1761 609 1803 eleuare
640 1762 847 1816 quaedam
869 1762 1035 1803 licebit:
1068 1762 1234 1803 luxuria
1254 1762 1538 1816 liberalitatis,
1572 1762 1753 1803 auaritia
1774 1777 1868 1816 par-

273 1830 491 1884 simoniae,
533 1830 810 1885 neglegentia
842 1830 1130 1885 simplicitatis
1162 1831 1334 1872 nomine
1364 1831 1561 1885 lenietur,
1601 1830 1720 1871 uultu
1753 1830 1866 1871 deni-
1887 1847 1920 1871 25

271 1913 372 1953 que,
414 1913 537 1953 uoce,
578 1897 729 1939 habitu
760 1898 828 1939 uel
858 1899 1017 1940 fauoris
1049 1898 1207 1954 aliquid
1239 1899 1307 1941 uel
1337 1899 1622 1940 miserationis
1653 1899 1866 1940 merebor:

272 1967 379 2007 solet
409 1981 730 2022 nonnumquam
768 1982 937 2009 mouere
974 1967 1172 2009 lacrimas
1210 1968 1303 2022 ipsa
1342 1968 1564 2009 confessio.
1625 1970 1750 2022 atque
1789 1982 1867 2023 ego

271 2034 454 2075 libenter
484 2035 766 2091 interrogem,
806 2036 894 2077 sint
933 2035 1007 2077 illa
1045 2036 1282 2090 defensuri,
1323 2051 1429 2090 quae
1461 2051 1547 2077 non
1578 2036 1864 2090 narrauerint,

205 2105 256 2145 78
270 2117 406 2144 necne
419 2102 439 2143 i>
488 2118 589 2144 nam
621 2095 658 2145 si
686 2119 821 2159 neque
853 2103 1122 2145 defenderint
1152 2120 1288 2159 neque
1310 2105 1595 2158 narrauerint,
1626 2106 1718 2145 tota
1741 2118 1867 2145 causa

269 2171 489 2225 prodetur:
530 2173 574 2211 at
612 2172 647 2213 si
687 2172 901 2213 defensuri
941 2174 1042 2213 sunt
1053 2206 1063 2227 ,
1103 2187 1340 2227 proponere
1382 2174 1494 2213 certe
1531 2172 1777 2227 plerumque
1807 2172 1863 2226 id,
1884 2188 1917 2214 30

270 2239 379 2293 quod
420 2240 711 2281 confirmaturi
749 2255 912 2294 sumus,
960 2242 1139 2295 oportet.
1208 2255 1281 2281 cur
1326 2255 1425 2296 ergo
1463 2255 1550 2282 non
1590 2255 1862 2296 exponamus,

269 2300 461 2361 quod'et
501 2307 603 2348 dilui
641 2310 783 2362 potest
820 2310 881 2363 et,
922 2311 969 2349 ut
1007 2309 1084 2350 hoc·
1125 2309 1368 2364 contingat,
1408 2308 1552 2363 utique
1591 2308 1865 2350 indicandum

361 2436 377 2466 1
405 2437 669 2476 patromonium
694 2436 720 2466 B
825 2435 996 2477 patricidi
1020 2436 1045 2466 B
1162 2438 1181 2467 2
1208 2436 1439 2478 patricidium
1463 2437 1516 2476 Bg
1630 2437 1650 2467 4
1676 2436 1760 2477 quid
1785 2435 1862 2467 Ab:

269 2481 413 2521 quidem
440 2480 530 2512 nihil
547 2481 572 2511 B
682 2482 701 2511 5
727 2478 770 2522 si]
800 2482 861 2521 qui
886 2481 938 2521 Bg
1056 2481 1107 2512 fui
1124 2481 1169 2512 A:
1198 2493 1264 2523 ego
1291 2482 1343 2513 fui
1360 2482 1386 2512 B
1503 2483 1522 2513 6
1549 2481 1808 2513 aniministrari
1821 2482 1861 2521 A,

269 2527 467 2557 ministrari
495 2528 519 2557 T
629 2528 647 2558 7
674 2526 832 2558 subiciat
856 2527 897 2565 A,
925 2531 958 2557 ut
985 2528 1070 2560 coni.
1099 2528 1283 2569 Spalding:
1310 2527 1489 2559 subicitur
1513 2528 1570 2561 Βς
1663 2527 1718 2558 his
1743 2526 1772 2557 A

268 2572 287 2602 8
315 2572 396 2603 hab.
424 2582 503 2603 eum
531 2573 688 2603 animum
713 2572 758 2602 A:
787 2582 865 2603 eum
893 2572 977 2605 hab.
1005 2573 1161 2603 animum
1188 2574 1219 2610 b,
1246 2583 1324 2604 eum
1352 2573 1524 2604 habuisse
1550 2573 1576 2603 B
1710 2574 1750 2603 10
1776 2572 1862 2604 fuis-

269 2620 324 2648 set
348 2618 373 2648 B
471 2617 585 2658 aliqui
609 2618 629 2648 b
726 2619 765 2648 11
793 2628 837 2648 nc
864 2620 960 2649 sorte
978 2618 1003 2648 B
1098 2618 1190 2649 11366
1217 2618 1495 2659 qualiacumque
1513 2618 1589 2648 Ab:
1615 2617 1708 2648 haec
1736 2617 1862 2658 qualia

268 2663 361 2694 11366
388 2673 480 2703 quac
506 2663 532 2693 B
652 2664 690 2694 15
718 2663 863 2694 tandem
891 2662 1069 2704 Spalding),
1097 2668 1169 2694 tum
1197 2664 1323 2705 li'eyizm
1441 2662 1567 2694 saluae
1593 2663 1618 2693 B
1734 2673 1859 2703 possu-

270 2719 345 2739 mus
372 2708 494 2745 (media
523 2719 543 2739 u
570 2710 601 2739 ιή
627 2708 714 2748 mcx.)
740 2709 779 2748 A,
802 2709 886 2749 fort.
915 2709 1094 2749 possimus
1232 2711 1274 2741 20
1291 2705 1390 2740 ‘talia
1415 2708 1489 2739 Ab:
1523 2718 1594 2739 non
1621 2707 1712 2739 talia
1737 2708 1762 2738 B

269 2753 423 2784 credaut
447 2755 472 2783 B
589 2755 625 2785 21
659 2755 870 2795 exponimus
896 2753 937 2784 A¹
1034 2754 1154 2795 agitur
1178 2753 1251 2785 Ab:
1282 2756 1412 2796 agetur
1435 2754 1461 2784 B
1577 2754 1618 2784 22
1646 2756 1701 2784 cst
1726 2764 1806 2785 cum
1831 2754 1860 2784 A

269 2800 301 2829 in
325 2810 393 2829 ras.
490 2802 531 2830 23
559 2802 713 2830 mentem
739 2800 768 2830 A
794 2804 824 2831 et
857 2800 975 2831 Victor
1001 2799 1048 2840 (J).
1070 2801 1147 2837 425,
1169 2799 1224 2840 19)
1236 2811 1246 2829 :
1271 2800 1296 2830 Β
1321 2810 1382 2830 om.
1410 2800 1441 2829 in
1467 2800 1598 2835 lacuna,
1627 2798 1735 2830 aliam
1762 2809 1858 2830 men-

270 2847 340 2874 tem
368 2856 427 2875 mn,
455 2845 474 2875 b
567 2846 610 2875 24
637 2844 760 2875 leuare
786 2847 806 2876 b
900 2843 1137 2876 liberalitatis
1163 2845 1326 2877 i'llez‘ster:
1352 2844 1554 2875 hilaritatis
1578 2845 1658 2875 libri
1679 2849 1711 2875 et
1740 2844 1859 2877 Victor

269 2887 486 2929 (ilaratian
506 2892 566 2921 lm.
582 2890 751 2921 hilaratis
762 2891 810 2921 Bn
825 2902 915 2922 corr.
932 2896 964 2922 el
980 2893 1043 2922 Im.
1061 2891 1126 2930 Bg)
1142 2891 1226 2931 (728,
1238 2892 1265 2926 (i,
1278 2892 1332 2921 30.
1346 2892 1418 2927 3,.7,
1430 2892 1472 2920 25
1536 2891 1578 2921 ‘29
1593 2900 1685 2921 ncne
1694 2889 1732 2931 B,
1744 2900 1858 2921 necne

271 2950 304 2954 ψ
321 2936 547 2965 narraueiint
566 2947 624 2967 om.
644 2937 664 2965 b
756 2939 798 2967 :io
824 2937 895 2967 sint
913 2937 932 2966 b
1026 2939 1063 2967 :31
1087 2936 1289 2967 confirmati
1307 2936 1331 2965 B
1368 2954 1378 2964 ι.
1425 2937 1466 2967 32
1493 2938 1528 2966 ct
1545 2938 1584 2967 ut
1601 2936 1673 2969 Ab:
1702 2937 1737 2967 et
1755 2947 1816 2967 om.
1832 2936 1858 2966 B
