1939 3228
11 338 26 360 .·.’
19 320 25 323 ι
9 189 18 209 ·'

23 347 61 414 ,V'W
33 261 48 296 v··,
33 180 55 238 ³¹:3-
41 142 51 160 ¹¹,
43 120 53 126 ,⁴

17 758 27 780 ..
7 488 33 726 ‘ffiffiw-n-cn-’,o-
16 460 33 478 3,
14 421 33 451 *b*
13 380 29 413 3„-

117 488 132 514 Cu

101 835 131 860 10

37 1165 131 1201 '15

21 1511 54 1552 ³,
99 1524 131 1548 20

47 1860 132 1888 ‘25

780 104 841 135 VI.
890 101 922 148 1,
946 98 1120 135 31-42.
1281 89 1284 92 ’
1666 95 1750 137 299

93 210 97 213 ”
151 207 394 262 tragoedias
424 221 594 248 mouere
624 206 710 247 tale
733 207 810 261 est,
843 207 964 261 quasi
986 207 1021 248 si
1049 222 1276 262 personam
1296 207 1494 250 Herculis
1518 211 1561 250 et
1582 208 1750 251 cothur-

150 269 228 316 nos
259 276 408 329 aptare
439 275 680 316 infantibus
711 274 831 317 uelis.

263 342 329 384 Ne
359 343 465 384 illud
495 344 665 398 quidem
695 343 923 398 indignum
955 346 1019 385 est
1050 344 1363 399 admonitione,
1403 345 1558 399 ingens
1589 345 1635 386 in
1665 345 1816 400 epi-37

151 411 259 466 logis
289 425 383 452 meo
412 411 568 453 iudicio
599 411 708 452 uerti
741 411 989 466 discrimen,
1029 427 1112 467 quo
1151 413 1275 453 modo
1306 427 1350 454 se
1382 413 1540 454 dicenti
1578 413 1650 468 qui
1682 427 1748 454 ex-

151 480 307 521 citatur
338 480 640 521 accommodet.
701 494 802 521 nam
845 482 887 521 et
925 480 1129 534 inperitia
1160 482 1203 521 et
1232 481 1449 522 rusticitas
1489 484 1531 522 et
1560 481 1677 536 rigor
1707 484 1749 522 et

151 547 399 589 deformitas
431 548 633 590 adferunt
662 548 836 589 interim
867 548 1025 603 frigus,
1066 548 1378 604 diligenterque
1417 557 1516 591 sunt
1546 549 1652 590 haec
1683 564 1748 590 ac-

149 616 232 658 tori
263 616 538 671 prouidentia.
602 617 795 672 equidem
828 619 870 658 et
900 618 1185 671 repugnantis
1216 619 1397 671 patrono
1429 620 1471 659 et
1498 617 1607 658 nihil
1628 617 1748 658 uultu
1763 617 1816 659 38

151 687 380 726 commotos
419 691 461 726 et
497 685 799 740 intempestiue
844 685 1079 726 renidentis
1125 686 1167 725 et
1211 685 1324 726 facto
1370 686 1510 740 aliquo
1549 685 1616 726 uel
1656 686 1749 740 ipso

154 752 275 794 uultu
303 753 435 794 risum
467 753 596 794 etiam
627 755 838 795 mouentis
871 767 996 807 saepe
1027 753 1128 806 uidi,
1163 753 1389 808 praecipue
1411 768 1523 807 uero,
1559 768 1654 794 cum
1676 753 1749 794 ali-

149 835 232 876 qua
270 821 388 862 uelut
425 822 618 863 scaenice
656 822 786 876 fiunt,
827 821 987 871 †aliam
1030 821 1200 862 cadunt.
1261 822 1485 863 transtulit
1523 821 1817 876 aliquandossfl

149 891 356 943 patronus
387 890 586 944 puellam,
620 905 727 945 quae
759 905 877 932 soror
908 904 998 931 esse
1030 889 1261 930 aduersarii
1294 889 1516 931 dicebatur
1547 890 1667 945 (nam
1699 890 1748 931 de

150 957 231 999 hoc
260 957 312 998 lis
344 960 475 1012 erat),
516 959 561 999 in
593 958 772 1000 aduersa
804 958 1026 1012 subsellia,
1066 960 1284 1012 tamquam
1323 959 1368 999 in
1407 958 1570 1013 gremio
1605 958 1748 999 fratris

150 1026 389 1081 relicturuS,
424 1029 468 1068 at
498 1027 534 1068 is
566 1042 590 1068 a
621 1027 744 1068 nobis
776 1020 1067 1082 praemonitus
1100 1026 1366 1068 discesserat.
1410 1029 1500 1067 tum
1529 1026 1614 1080 ille,
1648 1026 1749 1067 alio-

150 1095 220 1149 qui
252 1095 318 1135 1111·
347 1095 571 1149 facundus,
604 1095 853 1149 inopinatae
884 1095 945 1136 rei
969 1109 1067 1135 casu
1098 1095 1311 1136 obmutuit
1332 1097 1374 1136 et
1396 1095 1608 1136 infantem
1630 1110 1748 1135 suam

151 1163 426 1218 frigidissime
458 1163 707 1218 reportauit.
771 1163 876 1204 alius
907 1163 1141 1217 imaginem
1172 1162 1315 1204 mariti
1347 1178 1424 1218 pro
1455 1178 1527 1204 rea
1558 1164 1748 1217 proferre
1761 1164 1817 1205 40

149 1231 297 1286 magni
334 1232 525 1286 putauit,
567 1234 611 1273 at
643 1246 691 1272 ea
722 1231 851 1272 risum
893 1231 1058 1286 saepius
1094 1231 1211 1272 fecit.
1273 1246 1374 1272 nam
1407 1234 1448 1272 et
1478 1232 1529 1285 ii,
1572 1246 1747 1286 quorum

150 1299 336 1341 officium
368 1303 461 1341 erat
497 1303 545 1341 ut
585 1300 804 1341 traderent
835 1314 942 1353 eam,
975 1300 1131 1354 ignari,
1168 1300 1238 1354 qui
1272 1302 1380 1340 esset
1411 1299 1616 1354 epilogus,
1649 1315 1748 1354 quo-

149 1368 260 1409 tiens
282 1369 537 1423 respexisset
560 1371 779 1423 patronus,
814 1368 1051 1409 offerebant
1072 1368 1228 1423 palam,
1264 1370 1305 1408 et
1328 1367 1494 1421 prolata
1516 1367 1747 1408 nouissime

149 1436 420 1478 deformitate
450 1437 544 1491 ipsa
576 1439 693 1492 (nam
724 1436 838 1477 senis
871 1436 1067 1477 cadaueri
1098 1452 1194 1479 cera
1225 1445 1314 1477 era(
1344 1436 1505 1487 infusa')
1544 1437 1748 1490 praeteri-

148 1508 236 1547 tam
269 1520 432 1560 quoque
464 1505 667 1547 orationis
699 1505 883 1559 gratiam
916 1505 1111 1559 perdidit.
1174 1520 1252 1546 nec
1283 1505 1492 1559 ignotum,
1526 1503 1626 1558 quid
1649 1503 1811 1558 Oly-41

151 1574 267 1627 coni,
310 1574 375 1615 cui
408 1574 625 1628 Spiridion
658 1574 737 1614 suit
770 1588 1030 1627 cognomen,
1066 1573 1279 1614 acciderit.
1342 1572 1439 1613 huic
1471 1586 1588 1627 puer,
1623 1587 1747 1626 quem

149 1642 184 1682 is
215 1642 466 1696 productum
498 1642 597 1697 quid
629 1641 750 1683 fleret
780 1641 1097 1697 interrogabat,
1141 1657 1164 1682 a
1196 1641 1448 1696 paedagogo
1481 1655 1523 1681 se
1558 1640 1748 1681 uellit-ari

47 1703 49 1739 Ῐ
90 1748 96 1750 i
150 1711 383 1765 respondit.
445 1711 517 1752 sed
556 1710 665 1751 nihil
702 1710 776 1751 illa
817 1711 929 1751 circa
962 1710 1189 1764 Caepasios
1222 1709 1438 1750 (Jiceronis
1478 1708 1626 1749 fabula
1658 1709 1746 1749 effi-

151 1779 292 1820 cacius
330 1779 382 1819 ad
420 1779 609 1834 pericula
646 1778 925 1834 epilogorum.
987 1778 1130 1819 omnia
1173 1780 1318 1819 tamen
1358 1777 1460 1818 haec
1507 1776 1746 1818 tolerabilia
1760 1782 1815 1822 42

151 1846 214 1900 iis,
248 1847 400 1902 quibus
433 1847 644 1888 actionem
675 1849 841 1888 mutare
872 1847 999 1888 facile
1031 1849 1114 1888 est:
1155 1849 1197 1887 at
1230 1847 1300 1901 qui
1334 1861 1356 1886 a
1389 1845 1485 1886 stilo
1517 1860 1604 1886 non
1636 1859 1747 1886 rece-

241 1914 303 1959 ss
319 1914 555 1970 *pfffluentio
583 1940 612 1961 0.
640 1931 682 1962 20
708 1940 760 1971 sq.
1788 1925 1819 1944 χ

243 1981 262 2028 11
287 1998 390 2038 quasi
416 1998 447 2029 si
471 1999 622 2030 AGMS:
651 1997 756 2039 quale
786 1997 831 2029 sit
858 1998 887 2028 si
914 2000 998 2030 cani.
1026 1997 1192 2038 Spalding)
1287 1999 1458 2028 coturnos
1485 1998 1514 2035 S,
1542 1998 1692 2027 oturnos
1707 1997 1745 2027 G.

153 2045 296 2073 cteruos
321 2044 355 2073 Μ
448 2045 467 2074 3
496 2043 589 2074 11111(1
617 2054 660 2074 ne
687 2044 774 2080 lilnv',
801 2054 890 2076 corr.
919 2042 1085 2084 Spaldinq
1177 2045 1197 2074 4
1224 2042 1360 2073 iudicio
1387 2053 1447 2073 om.
1474 2040 1514 2072 A¹
1623 2042 1642 2071 6
1668 2040 1747 2071 ‹lili-

153 2092 348 2129 genterque
373 2094 447 2119 sunt
474 2089 502 2119 A
597 2091 613 2120 7
643 2089 808 2130 equidem
837 2094 871 2120 ct
898 2100 976 2119 ωε.-
1003 2088 1199 2128 quidemn
1229 2089 1317 2127 (ew)
1336 2089 1376 2127 A,
1405 2091 1441 2117 et
1467 2086 1609 2127 quidem
1637 2087 1745 2121 GMa,

151 2133 317 2174 equidem
345 2135 364 2164 S
504 2135 744 2176 repugnantis
778 2138 931 2175 patrono
964 2134 1056 2174 (mlrl.
1089 2139 1166 2175 pose
1199 2135 1229 2164 is
1262 2135 1294 2164 ἱη
1321 2135 1348 2164 G
1378 2144 1405 2163 s.
1439 2135 1459 2165 I.
1493 2142 1548 2169 ea,
1580 2133 1613 2162 in
1647 2131 1746 2171 ata)

151 2179 272 2210 AGM:
311 2180 553 2221 repugnantis
584 2191 648 2212 eas
675 2190 705 2222 p.
735 2182 765 2219 S,
793 2184 1044 2221 repugnantes
1079 2191 1140 2211 eos
1166 2191 1199 2220 p.
1231 2180 1352 2219 li'egsitcx
1491 2178 1510 2208 8
1537 2177 1748 2208 renidentes

152 2224 336 2265 spaldings:
362 2225 555 2257 residentis
580 2226 618 2261 A,
646 2226 849 2258 residentes
875 2226 984 2263 GMa,
1011 2225 1171 2257 ridentes
1197 2226 1236 2262 S;
1264 2228 1273 2242 e
1289 2224 1433 2255 frus-[ra
1451 2223 1566 2255 Bur-m,
1594 2227 1625 2253 et
1647 2222 1746 2254 Ges-11.

153 2270 356 2302 residentes
380 2272 670 2311 inlerpt‘clanlur:
697 2273 754 2312 qui
779 2282 841 2302 non
861 2276 1041 2313 assuryanl
1059 2276 1091 2301 et
1114 2276 1255 2311 praes-lo
1281 2271 1346 2300 sint
1371 2274 1519 2310 patrono
1546 2269 1746 2301 eti-citanti)

241 2317 321 2357 ipsc
347 2318 373 2347 G
467 2318 486 2349 9
513 2317 623 2348 etiam
651 2328 715 2348 non
741 2318 835 2348 deest
860 2318 891 2347 in
916 2317 957 2354 A,
984 2322 1019 2347 uc
1044 2318 1090 2347 ait
1118 2316 1291 2356 Zumptt'ns
1384 2317 1576 2346 mouentes
1601 2315 1694 2347 ΜΞς

156 2362 194 2392 10
218 2362 389 2393 scenicae
414 2363 444 2392 A
490 2367 493 2369 ’
560 2362 669 2393 aliam
698 2362 832 2393 cadunt
857 2363 948 2393 AGS
974 2366 1005 2393 et
1031 2363 1104 2393 rell.
1131 2363 1196 2393 nisi
1221 2362 1312 2403 quod
1335 2362 1394 2391 ulii
1420 2359 1468 2400 (ut
1493 2361 1541 2399 M)
1570 2359 1662 2398 alia,
1690 2360 1748 2389 aliz·

154 2405 246 2438 alias
272 2407 412 2443 habent,-
439 2410 541 2439 stant
566 2407 653 2447 alia,
682 2407 757 2439 alia
785 2407 919 2438 cadunt
937 2409 1022 2439 coni.
1042 2407 1220 2447 Spaldins,
1249 2417 1281 2438 a.
1310 2406 1446 2437 cadunt
1464 2406 1587 2436 delenit
1605 2404 1746 2444 Regius,-

152 2452 223 2492 ipse
249 2454 394 2484 tertiani:
421 2453 492 2484 alio
520 2452 587 2492 (nel
612 2452 733 2491 aliter)
762 2452 897 2484 cadunt
1003 2454 1040 2484 11
1070 2452 1233 2494 patronis
1259 2452 1382 2482 A'GM
1474 2452 1593 2481 sororaeZ¹
1619 2450 1635 2479 ὗ
1662 2448 1746 2490 (pro

152 2506 250 2529 soror
274 2496 331 2538 Ue)
358 2499 396 2538 G,
425 2509 526 2529 soror
552 2501 606 2529 est
632 2502 667 2529 et
691 2499 727 2528 M
821 2498 1009 2529 aduersari
1027 2498 1106 2529 A¹G
1202 2499 1241 2529 13
1269 2497 1458 2528 relicturus
1483 2501 1518 2526 at
1535 2495 1564 2526 A
1642 2505 1746 2535 prae-

153 2543 308 2574 munitus
333 2543 375 2574 A¹
483 2554 561 2574 cum
589 2543 650 2574 illc
676 2544 811 2575 AGMS
929 2546 968 2575 14
994 2544 1175 2575 obmutuit
1198 2544 1249 2573 M:
1277 2541 1471 2573 ommutuit
1494 2541 1571 2580 AG,
1600 2550 1746 2571 conmu-

154 2588 223 2618 tuit
247 2589 267 2618 S
370 2590 409 2620 15
435 2599 498 2620 rea
524 2589 552 2620 A
578 2600 667 2620 corr.
695 2600 740 2621 ea·
766 2600 816 2629 re,
843 2600 888 2621 ea
913 2591 933 2620 S
1050 2590 1089 2620 16
1117 2593 1153 2619 at
1181 2590 1207 2619 G
1232 2599 1322 2619 corr.
1348 2598 1394 2618 eas
1420 2586 1477 2623 ad,
1504 2586 1551 2617 Ae
1577 2596 1619 2617 ea
1643 2585 1682 2621 A,
1711 2587 1748 2615 ct

155 2633 243 2664 adea
268 2634 288 2664 S
419 2635 565 2676 saepius
592 2635 700 2666 risum
727 2642 748 2669 ς
888 2638 923 2665 et
949 2635 999 2665 hii
1027 2636 1123 2665 GMS
1265 2634 1304 2664 17
1331 2631 1491 2664 officium
1518 2642 1594 2662 nos:
1623 2630 1745 2661 officio

152 2676 293 2718 AGMS,
322 2680 437 2711 officii
462 2681 538 2711 edd.
659 2682 698 2711 19
727 2680 947 2711 caducaueri
972 2681 1090 2719 AGM,
1119 2679 1295 2710 caducam
1322 2678 1400 2709 ueri
1425 2679 1444 2708 S
1554 2687 1639 2707 cera
1667 2680 1745 2706 erat

154 2723 276 2755 infusa
299 2726 444 2767 scripsi:
470 2726 593 2757 infusa
619 2726 659 2764 A,
686 2726 807 2756 infusa
833 2726 939 2764 GMS,
967 2726 1060 2756 ceris
1089 2724 1263 2756 cadaueri
1288 2723 1419 2754 infusis
1445 2723 1497 2754 ecl.
1529 2722 1641 2762 Camp.

155 2770 376 2808 praeteritae
403 2772 510 2802 malim
603 2772 644 2802 ‘20
671 2771 766 2811 quod
793 2772 820 2801 G
914 2771 1077 2813 glyconis
1101 2769 1193 2809 A'G,
1223 2769 1359 2810 glieoui
1383 2769 1445 2798 MS
1562 2768 1601 2797 ⁵21
1629 2767 1744 2807 spyri-

155 2812 237 2844 dion
261 2813 290 2845 A
405 2818 448 2847 22
473 2816 504 2848 is
529 2817 614 2847 AM:
642 2816 697 2847 his
724 2818 761 2856 G,
790 2816 858 2846 lxiis
885 2818 904 2847 S
1009 2815 1094 2856 quid
1119 2816 1170 2847 M:
1199 2814 1295 2854 quod
1320 2815 1412 2845 AGS
1507 2824 1527 2843 a
1553 2822 1585 2842 a:
1615 2823 1675 2844 om.
1702 2812 1744 2852 A,

156 2861 192 2888 et
217 2860 294 2897 GM,
322 2871 366 2892 ex
391 2864 410 2893 S
532 2863 574 2894 23
602 2862 768 2903 eepasios
794 2861 872 2892 libri
895 2866 928 2892 el
953 2869 973 2895 ς
1090 2860 1214 2892 fabula
1239 2862 1266 2891 G
1397 2860 1437 2890 24
1463 2857 1676 2890 tolerabilia
1701 2857 1746 2888 iis

156 2902 338 2946 Spalding:
363 2906 592 2938 tollerabilia
618 2907 647 2938 is
674 2906 743 2947 (his
769 2908 803 2945 a)
831 2907 871 2947 A,
898 2905 1144 2938 tollerabilius
1170 2908 1208 2947 G,
1235 2904 1460 2937 tollerabilia
1487 2903 1572 2945 (sine
1598 2904 1659 2943 iis)
1683 2904 1744 2933 MS

242 2951 285 2982 25
311 2950 356 2982 ad
379 2951 458 2984 A¹G
