1955 3228
87 838 118 861 10

80 1513 112 1537 :20

76 2190 109 2215 30

792 112 839 141 11.
883 110 1077 154 1,1—1·2.
1679 109 1727 150 71

142 212 297 267 alioqui
338 212 550 266 copiosam
588 227 718 267 prope
756 213 945 254 omnium
981 215 1261 258 maximarum
1307 219 1461 260 artium
1508 219 1730 262 scientiam

141 280 335 334 amplexa
365 279 516 321 311161
545 280 768 335 rhetorice,
803 281 869 322 cui
899 295 1055 323 nomen
1086 283 1150 324 uis
1182 284 1404 339 eloquendi
1426 287 1554 341 dedit,
1587 288 1767 330 officia5

140 362 216 388 sua
246 362 331 388 non
363 347 569 389 detrectet
599 361 679 389 1166
709 348 906 402 occupari
937 349 1123 403 gaudeat
1151 352 1439 405 pertinentem
1469 354 1520 395 ad
1549 356 1727 397 36111110-

139 429 249 456 rem:
281 429 401 469 quae,
435 414 534 456 dum
564 429 689 469 opere
721 415 845 470 cedit,
878 416 965 457 iam
994 431 1130 471 paene
1160 421 1423 472 possessione
1454 422 1628 476 depulsa
1649 426 1725 466 est.

138 497 275 537 neque
320 482 538 523 infitiabor
576 482 756 537 aliquem
797 497 846 524 ex
883 483 949 524 his
995 485 1065 538 qui
1104 488 1411 539 grammaticen
1448 490 1766 542 profiteanturss

140 563 187 590 eo
217 564 349 604 usque
379 549 582 591 scientiae
613 551 811 605 progredi
841 565 984 605 posse,
1026 554 1071 592 ut
1109 553 1161 593 ad
1191 553 1296 594 haec
1327 569 1490 609 quoque
1520 558 1727 599 tradenda

138 616 346 671 sufficiat,
381 617 451 658 sed
486 631 580 658 cum
611 618 653 658 id
684 620 797 673 aget,
828 618 1010 660 rhetoris
1041 619 1181 660 officio
1211 620 1431 676 fungetur,
1464 637 1551 664 non
1582 639 1668 665 suo.

249 684 337 726 Nos
367 699 492 739 porro
523 685 782 739 quaerimus,
816 686 982 740 quando
1012 687 1084 740 iis,
1126 701 1231 741 quae
1262 689 1471 730 rhetorice
1502 692 1723 746 praecipit,
1741 694 1763 734 7

136 752 419 806 percipiendis
450 766 554 806 puer
583 755 773 793 maturus
805 767 894 794 esse
925 753 1131 795 uideatur.
1184 755 1229 795 in
1260 769 1341 809 quo
1372 757 1539 810 quidem
1570 770 1655 799 non
1683 759 1725 800 id

137 821 201 860 est
222 819 547 873 aestimandum,
573 821 690 861 cuius
713 820 888 875 quisque
910 821 967 862 sit
988 822 1154 875 aetatis,
1188 822 1259 863 sed
1281 825 1488 876 quantum
1508 824 1550 865 in
1575 826 1725 867 studiis

135 887 221 927 iam
252 886 450 928 effecerit.
504 889 546 928 et
575 902 629 928 ne
660 887 818 929 diutius
849 888 1066 943 disseram,
1099 889 1268 943 quando
1300 890 1356 931 sit
1376 890 1533 932 rhetori
1556 893 1724 935 traden-

135 953 232 1007 dus,
274 953 335 994 sic
373 955 531 1008 optime
569 955 682 996 finiri
722 955 864 997 credo:
905 971 999 997 cum
1036 957 1207 1011 poterit.
1268 958 1339 999 sed
1379 958 1459 1000 hoc
1497 960 1633 1013 ipsum
1673 976 1721 1002 ex

134 1021 348 1076 superiore
380 1022 538 1075 pendet
568 1023 828 1076 quaestione.
880 1038 980 1065 nam
1012 1024 1047 1064 si
1078 1026 1378 1079 grammatices
1408 1041 1560 1067 munus
1592 1031 1760 1082 usque&

135 1089 186 1130 ad
218 1089 427 1130 suasorias
458 1092 732 1144 prorogatur,
773 1090 936 1131 tardius
974 1091 1142 1133 rhetore
1180 1106 1283 1146 opus
1316 1096 1400 1134 est:
1440 1096 1484 1134 at
1515 1095 1549 1135 si
1581 1095 1723 1136 rhetor

100 1174 113 1196 a
132 1157 270 1210 prima
301 1156 443 1197 officia
473 1157 610 1211 operis
642 1158 706 1198 sui
737 1172 823 1199 non
854 1161 1043 1212 recusat,
1085 1174 1108 1200 a
1146 1161 1463 1202 narrationibus
1503 1162 1649 1203 statim
1680 1166 1722 1204 et

131 1224 333 1265 laudandi
354 1224 707 1279 uituperandique
730 1226 942 1280 opusculis
965 1241 1064 1267 cura
1087 1226 1174 1267 eius
1203 1227 1476 1269 desideratur.
1527 1244 1582 1270 an
1603 1230 1720 1284 igno·
1736 1233 1760 1272 ί.)

130 1306 273 1332 ramus
304 1291 489 1346 antiquis
521 1291 601 1333 hoc
630 1293 760 1334 fuisse
791 1294 844 1334 ad
875 1294 1114 1348 augendam
1144 1295 1429 1349 eloquentiam
1450 1310 1585 1350 genus
1607 1312 1720 1338 exer-

133 1359 367 1414 citationis,
406 1362 454 1401 ut
491 1360 622 1401 thesis
653 1361 843 1402 dicerent
874 1364 915 1402 et
947 1376 1188 1403 communes
1219 1362 1332 1404 locos
1364 1366 1405 1404 et
1436 1367 1575 1405 cetera
1614 1365 1720 1406 citra
1769 1374 1771 1376 ’

132 1427 394 1482 complexum
432 1442 571 1469 rerum
609 1443 991 1483 personarumque,
1033 1429 1184 1484 quibus
1222 1444 1346 1471 uerae
1385 1431 1591 1486 fictaeque
1624 1447 1719 1474 con-

130 1496 362 1537 trouersiae
395 1496 700 1537 continentur?
741 1511 790 1537 ex
812 1511 893 1551 quo
915 1497 1056 1550 palam
1079 1499 1155 1550 est,
1187 1512 1312 1552 quam
1343 1499 1525 1552 turpiter
1553 1499 1719 1541 deserat

131 1578 223 1605 eam
253 1566 419 1618 partem
449 1563 680 1605 rhetorices
711 1563 939 1617 institutio,
973 1579 1099 1618 quam
1131 1567 1172 1606 et
1203 1565 1383 1619 primam
1415 1566 1564 1607 habuit
1585 1570 1626 1608 et
1647 1568 1717 1609 diu

130 1632 276 1674 solam.
328 1631 429 1686 quid
460 1633 601 1672 autem
633 1633 695 1672 est
727 1645 777 1672 ex
807 1631 881 1684 iis,
923 1632 973 1672 de
1004 1632 1154 1686 1111111113
1186 1647 1313 1686 supra
1345 1633 1451 1687 dixi,
1492 1635 1599 1688 quod
1631 1650 1715 1676 non
1737 1638 1785 1677 ls)

131 1715 224 1741 cum
254 1700 299 1740 111
330 1699 426 1752 alia,
460 1713 566 1752 quae
598 1701 698 1740 sunt
727 1699 899 1753 propria
929 1699 1160 1752 rhetorum,
1193 1702 1283 1741 tuni
1316 1704 1427 1742 certe
1457 1702 1502 1741 in
1533 1701 1716 1743 1111111111-

129 1767 280 1809 diciale
313 1781 463 1808 causae
494 1781 629 1821 genus
668 1766 860 1807 incidat?
919 1782 973 1808 an
1004 1782 1090 1808 non
1121 1768 1166 1808 in
1196 1768 1287 1808 foro
1326 1769 1584 1809 narrandum
1623 1770 1717 1810 est?

79 1851 107 1862 -’
129 1850 212 1890 qua
242 1835 288 1876 111
318 1837 440 1889 parte
471 1836 615 1876 nescio
647 1849 702 1875 an
732 1834 788 1875 sit
817 1835 884 1875 uel
914 1835 1158 1888 plurimum.
1220 1849 1306 1876 non
1343 1835 1435 1876 laus
1473 1851 1521 1877 ac
1552 1836 1714 1891 111111110-
1735 1842 1773 1881 11

127 1903 236 1944 ratio
268 1902 569 1944 certaminibus
600 1901 683 1943 illis
713 1902 958 1956 frequenter
977 1902 1209 1943 inseritur?
1248 1917 1334 1944 non
1358 1917 1598 1944 communes
1619 1904 1713 1958 loci,

72 1993 76 1996 >
128 1971 216 2012 siue
248 1971 317 2025 qui
349 1972 448 2012 sunt
477 1970 522 2011 in
553 1970 659 2011 uitia
690 1970 869 2023 derecti,
910 1971 1054 2024 quales
1091 1969 1272 2025 legimus
1311 1985 1334 2011 a
1366 1970 1567 2012 Cicerone
1608 1987 1715 2012 com-

126 2039 298 2093 positos,
332 2053 405 2079 3611
426 2038 577 2093 quibus
599 2038 866 2092 quaestiones
889 2037 1146 2092 generaliter
1166 2040 1418 2091 tractantur,
1452 2038 1595 2092 quales
1617 2042 1717 2080 sunt
1739 2038 1757 2047 ⁸

128 2106 228 2147 editi
251 2122 274 2147 a
296 2106 453 2155 Quinto
483 2120 646 2160 quoque
668 2105 912 2159 Hortensio,
946 2109 991 2146 ut
1024 2105 1158 2146 esitne
1180 2105 1322 2159 paruis
1345 2106 1606 2160 argumentis
1629 2121 1713 2147 cre-

128 2174 365 2215 dendum?
398 2176 439 2215 et
470 2188 546 2228 pro
576 2173 756 2215 testibus
788 2175 829 2214 et
859 2173 903 2214 in
934 2175 1065 2214 testes
1096 2173 1141 2214 in
1172 2173 1320 2214 mediis
1351 2173 1489 2213 litium
1521 2174 1712 2214 medullis

126 2242 382 2283 uersantur‘?
439 2256 555 2282 arma
593 2243 693 2282 sunt
731 2241 835 2282 haec
874 2241 1179 2295 quodammodo
1209 2241 1503 2295 praeparanda
1534 2256 1711 2295 semper,
1733 2248 1779 2285 12

127 2311 174 2350 ut
203 2309 270 2362 iis,
304 2324 398 2349 cum
429 2324 495 2350 res
526 2311 684 2363 poscet,
716 2310 850 2350 utare.
910 2324 1016 2363 quae
1047 2309 1119 2363 qui
1149 2307 1363 2362 pertinere
1395 2308 1446 2348 ad
1477 2309 1710 2349 orationem

126 2391 212 2418 non
243 2376 433 2431 putabit,
473 2376 507 2417 is
545 2390 599 2417 116
637 2378 822 2418 statuam
863 2376 1032 2431 quidem
1069 2375 1262 2417 inchoari
1295 2375 1457 2428 credet,
1499 2390 1592 2416 cum
1623 2375 1711 2416 61113

219 2528 234 2556 1
262 2525 427 2567 alioquin
453 2534 482 2562 a,
510 2523 623 2565 aliqui
648 2526 676 2554 A
768 2527 789 2556 4
814 2534 926 2571 opere,
946 2526 995 2555 Bn
1094 2526 1113 2556 5
1138 2525 1193 2556 his
1219 2525 1297 2555 AB:
1324 2524 1368 2554 iis
1394 2524 1514 2564 ,mym-
1606 2523 1710 2564 profi-

126 2574 250 2603 tentur
275 2572 356 2602 (lell.
450 2571 470 2601 S
495 2569 552 2600 his
577 2570 605 2600 A
700 2571 740 2601 10
767 2573 822 2601 est
846 2581 907 2602 om.
932 2569 961 2600 A
1062 2572 1100 2601 12
1128 2570 1229 2601 linire
1254 2570 1279 2599 B
1390 2570 1429 2599 14
1455 2568 1499 2598 1111
1525 2568 1710 2599 suasorias

127 2627 220 2658 quae
254 2619 337 2648 sunt
369 2616 467 2656 apud
496 2615 672 2646 rhetorem
711 2616 887 2646 materiae
920 2616 1014 2646 inter
1046 2615 1250 2645 rudimenta
1282 2613 1502 2644 dicendiu*
1536 2623 1707 2653 proroga-

127 2666 185 2693 tur
209 2662 238 2692 A
331 2663 369 2692 at
394 2660 424 2691 si
449 2660 493 2690 A:
521 2660 551 2690 31
575 2660 600 2689 Β
708 2661 747 2691 15
772 2658 910 2701 statim]
939 2659 1062 2691 standi
1087 2660 1148 2699 Bg,
1174 2660 1235 2689 sed
1260 2659 1291 2688 [12
1317 2668 1377 2698 ηιμ.
1404 2669 1442 2688 m.
1462 2660 1482 2688 2
1509 2657 1556 2688 al.
1584 2658 1708 2688 statim

217 2710 254 2737 et
278 2705 454 2737 laudandi
478 2706 507 2735 A
532 2706 564 2735 in
591 2715 659 2735 ras.
737 2726 741 2731 -
793 2706 833 2737 18
860 2708 895 2736 ct
922 2708 1045 2736 cetera
1071 2705 1118 2734 Bn
1144 2715 1182 2737 m,
1204 2707 1222 2733 2
1248 2704 1280 2733 in
1305 2703 1416 2742 spatio
1443 2713 1546 2734 naono
1571 2704 1707 2735 relic-co,-

125 2754 155 2783 si
179 2751 311 2782 abesset
338 2754 373 2781 et
399 2753 535 2787 cetera,
563 2760 654 2781 nemo
680 2751 893 2781 desideraret
986 2750 1080 2780 eitra
1104 2749 1149 2779 A:
1178 2748 1272 2778 circa
1299 2748 1340 2786 B;
1368 2752 1402 2778 at
1427 2748 1470 2786 “f-
1492 2750 1522 2780 2.
1543 2749 1572 2783 4,
1591 2750 1646 2780 22.
1675 2750 1707 2783 3,

129 2800 161 2833 3,
179 2800 199 2828 5
218 2801 249 2828 et
270 2799 286 2826 7
370 2797 410 2827 19
436 2795 615 2834 fictaeque
643 2795 913 2826 controuersiae
939 2796 967 2825 A
992 2795 1025 2825 ιίι
1050 2804 1120 2824 ras,
1214 2795 1256 2824 20
1282 2793 1490 2823 continetur
1512 2793 1564 2831 Bg
1588 2804 1627 2823 m.
1651 2803 1705 2832 pr.

127 2843 169 2873 22
195 2852 239 2872 ex
263 2841 319 2872 his
344 2841 406 2871 AB
533 2842 575 2871 23
601 2840 748 2881 propria
774 2839 953 2872 rhetorum
980 2840 1024 2869 A:
1052 2838 1232 2869 rhetorum
1258 2838 1404 2878 propria
1427 2837 1452 2867 B
1568 2838 1610 2868 25
1635 2847 1706 2867 non

127 2887 179 2926 Bg
194 2897 220 2918 s.
240 2888 272 2924 l.,
299 2896 418 2918 nonne
436 2887 455 2916 b
475 2887 506 2916 in
524 2896 629 2926 mary.
709 2886 749 2916 27
776 2884 913 2915 dcrecti
931 2885 974 2914 B:
1002 2883 1131 2914 directi
1156 2883 1212 2913 Ab
1284 2883 1325 2914 ²29
1353 2892 1494 2923 quoque
1519 2887 1706 2923 suspectum

127 2931 326 2973 Spalrlz'nqz‘o
419 2933 458 2962 32
485 2933 590 2962 utare
615 2930 688 2960 Ab:
715 2930 829 2961 utaris
853 2930 878 2959 B
922 2944 934 2948 -
974 2928 1019 2959 ad
1045 2931 1226 2960 oratorem
1252 2929 1294 2959 al.
