1939 3228
738 112 781 141 v.
828 108 862 155 7,
891 107 932 138 <21
944 106 1063 139 —31.
1611 92 1693 136 225

113 213 332 266 concitari,
365 213 613 264 ambitiosus
643 212 783 253 inflari
814 214 965 266 potest,
998 211 1183 266 prudens
1214 225 1313 252 uero
1346 212 1388 250 et
1408 211 1606 250 constans
1627 208 1694 249 uel

109 283 326 335 tamquam
357 280 554 320 inimicus
586 282 628 320 et
657 280 856 334 peruicax
887 279 1162 319 dimittendus
1193 277 1339 319 statim
1369 277 1437 318 uel
1457 290 1545 317 non
1565 276 1694 317 inter-

110 348 353 403 rogatione,
393 347 465 387 sed
502 347 620 387 breui
658 346 982 387 interlocutione
1013 345 1183 400 patroni
1220 345 1470 386 refutandus
1501 345 1583 396 est,
1623 344 1695 383 aut

111 415 262 469 aliquo,
295 415 330 455 si
362 415 603 468 continget,
643 413 803 454 urbane
835 413 946 454 dicto
977 412 1292 467 refrigerandus
1324 414 1416 465 aut,
1457 412 1490 452 si
1522 410 1620 465 quid
1649 410 1696 450 in

79 483 200 523 5eius
230 483 363 523 uitam
395 481 476 522 dici
506 481 682 535 poterit,
722 480 898 522 infamia
932 480 1153 521 criminum
1191 479 1481 520 destruendus.
1541 477 1694 531 probos
1709 478 1760 519 27

62 832 92 856 10

111 549 313 604 quosdam
345 551 387 589 et
416 548 676 589 uerecundos
706 562 793 588 non
825 562 971 601 aspere
992 547 1201 588 incessere
1223 546 1402 600 profuit:
1435 560 1533 586 nam
1556 559 1695 598 saepe,

111 617 181 671 qui
204 617 405 657 aduersus
427 616 708 656 insectantem
730 616 1007 669 pugnassent,
1030 613 1237 654 modestia
1257 613 1526 667 mitigantur.
1560 611 1696 652 omnis

112 686 252 725 autem
281 683 560 737 interrogatio
592 685 665 723 aut
702 682 753 722 in
793 696 948 722 causa
985 683 1049 722 est
1080 683 1152 721 aut
1183 683 1333 721 extra
1365 694 1584 721 causam.
1645 679 1696 728 in

113 766 287 804 causa,
319 751 429 791 sicut
459 738 713 790 accusatori
724 749 1028 803 praecepimus,
1060 751 1264 802 patronus
1289 762 1451 801 quoque
1482 746 1607 787 altius
1639 747 1694 799 et,

111 818 222 859 unde
252 817 360 858 nihil
382 817 566 870 suspecti
588 817 655 870 sit,
688 816 869 870 repetita
890 815 1224 870 percontatione,
1257 808 1398 868 priora
1426 813 1696 868 sequentibus

112 885 363 939 adplicando
394 898 519 938 saepe
551 899 598 925 eo
628 883 821 938 perducit
851 883 1056 936 homines,
1088 885 1137 923 ut
1165 881 1311 922 inuitis
1343 881 1452 935 quod
1474 880 1608 935 prosit
1629 894 1696 920 ex-

110 954 318 1007 torqueat.
379 951 467 991 eius
505 952 566 991 rei
605 950 696 991 sine
735 950 860 991 dubio
897 964 1032 1004 neque
1071 949 1297 1003 disciplina
1336 949 1420 988 ulla
1459 949 1504 989 in
1542 947 1762 990 scholis28

110 1034 246 1074 neque
277 1018 522 1060 exercitatio
552 1018 755 1070 traditur,
797 1019 840 1058 et
876 1017 1061 1058 naturali
1099 1016 1237 1071 magis
1276 1016 1468 1056 acumine
1510 1017 1582 1055 aut
1622 1029 1697 1055 usu

113 1087 324 1141 contingit
354 1086 457 1125 haec
488 1085 635 1126 uirtus.
696 1085 730 1124 si
761 1085 871 1138 quod
902 1087 1047 1125 tamen
1077 1083 1314 1137 exemplum
1344 1083 1394 1123 ad
1415 1082 1697 1124 imitationem

79 1153 486 1195 :zdemonstrandum
526 1153 601 1206 sit,
648 1152 784 1192 solum
823 1154 886 1192 est
926 1152 1034 1205 quod
1074 1166 1122 1192 ex
1169 1150 1348 1205 dialogis
1388 1150 1698 1191 Socraticorum

112 1221 374 1274 maximeque
408 1219 598 1260 Platonis
629 1219 723 1259 duci
755 1222 915 1274 potest:
954 1220 999 1259 in
1031 1219 1181 1273 quibus
1213 1218 1314 1258 adeo
1346 1218 1477 1258 scitae
1507 1220 1608 1258 sunt
1636 1217 1699 1257 in-

111 1287 443 1342 terrogationes,
483 1288 548 1339 ut,
589 1301 683 1327 Cum
714 1287 923 1341 plerisque
954 1287 1061 1326 bene
1092 1285 1418 1339 respondeatur,
1458 1300 1524 1326 res
1557 1288 1698 1325 tamen

114 1355 164 1395 ad
203 1355 265 1408 id,
305 1354 414 1408 quod
451 1353 602 1394 uolunt
640 1354 830 1408 efficere,
871 1354 1105 1408 perueniat.
1175 1352 1276 1393 illud
1315 1353 1487 1393 fortuna
1525 1353 1696 1393 interim
1711 1355 1764 1395 29

112 1424 312 1476 praestat,
345 1424 392 1462 ut
423 1421 593 1474 aliquid,
627 1421 736 1475 quod
766 1422 879 1462 inter
909 1436 952 1462 se
983 1435 1131 1475 parum
1165 1420 1417 1472 consentiat,
1451 1435 1474 1460 a
1505 1422 1613 1460 teste
1640 1419 1698 1460 di-

62 1504 75 1527 ·.›
115 1492 247 1542 catur,
280 1488 464 1541 interim,
498 1488 604 1542 quod
639 1488 804 1542 saepius
836 1488 992 1541 euenit,
1026 1490 1072 1528 ut
1101 1487 1222 1528 testis
1242 1488 1341 1528 testi
1372 1487 1537 1528 diuersa
1569 1487 1695 1527 dicat.

115 1559 238 1597 acuta
270 1558 409 1596 autem
440 1556 719 1609 interrogatio
759 1556 809 1595 ad
847 1555 947 1608 hoc,
989 1555 1098 1609 quod
1137 1570 1235 1595 casu
1276 1555 1363 1596 fieri
1402 1555 1528 1607 solet,
1570 1554 1698 1594 etiam

114 1624 278 1664 ratione
310 1623 522 1676 perducet.
586 1625 735 1663 extra
768 1637 974 1662 causam
1007 1637 1169 1676 quoque
1201 1622 1347 1676 multa,
1381 1636 1486 1676 quae
1517 1613 1694 1676 prosint,
1711 1626 1766 1665 3⁴)

114 1691 254 1745 rogari
286 1691 444 1743 solent,
485 1690 534 1730 de
566 1690 653 1730 uita
683 1689 856 1730 testium
887 1689 1084 1743 aliorum,
1125 1690 1174 1730 de
1206 1705 1279 1730 sua
1310 1690 1506 1744 quisque,
1547 1689 1582 1730 si
1612 1691 1697 1729 tur-

113 1757 278 1812 pitudo,
319 1758 353 1797 si
384 1757 614 1810 humilitas,
648 1757 682 1797 si
715 1757 903 1797 amicitia
935 1757 1211 1810 accusatoris,
1252 1757 1285 1797 si
1317 1757 1567 1797 inimicitiae
1601 1771 1695 1797 cum

63 1839 93 1863 25.
114 1839 196 1878 reo,
230 1825 274 1864 in
305 1825 455 1878 quibus
487 1826 560 1864 aut
591 1824 735 1865 dicant
767 1824 935 1878 aliquid,
976 1824 1084 1878 quod
1114 1824 1261 1878 prosit,
1300 1826 1373 1864 aut
1403 1824 1449 1864 in
1478 1823 1698 1864 mendacio

116 1894 183 1932 uel
215 1891 446 1946 cupiditate
476 1891 670 1932 laedendi
701 1891 1029 1945 deprendantur.
1073 1891 1144 1932 sed
1165 1892 1219 1932 in·
1241 1891 1387 1945 primis
1418 1891 1755 1945 inter1·ogatio‡'›l

82 2006 86 2007 ⁷
115 1974 207 1999 cum
230 1959 354 1999 debet
375 1973 464 1999 esse
489 1959 807 2012 circumspecta,
840 1959 937 2012 quia
959 1958 1091 1999 multa
1114 1962 1260 1999 contra
1290 1961 1492 2012 patronos
1522 1960 1697 1999 uenuste
1745 1982 1774 1999 4

112 2027 232 2066 testis
259 2041 382 2080 saepe
412 2026 638 2079 respondet
669 2026 786 2080 eique
817 2026 1041 2080 praecipue
1071 2026 1200 2080 uulgo
1220 2025 1401 2079 fauetur,
1434 2029 1525 2067 tum
1555 2026 1695 2066 uerbis

113 2108 240 2148 quam
272 2094 450 2133 maxime
490 2108 539 2133 ex
577 2093 713 2133 medio
753 2093 921 2146 sumtis,
962 2096 1008 2133 ut
1045 2094 1115 2147 qui
1155 2095 1328 2147 rogatur
1365 2094 1417 2145 (is
1457 2095 1596 2134 autem
1635 2095 1697 2133 est

231 2200 241 2227 1
280 2198 396 2228 inflari
429 2197 469 2226 B:
504 2196 621 2226 inflari
654 2195 771 2226 locum
806 2196 964 2237 (longum
997 2196 1059 2237 ab)
1092 2197 1256 2237 protrahi
1288 2197 1360 2235 Ab3
1392 2199 1555 2237 ,qlossema
1586 2198 1633 2227 ita
1665 2198 1695 2227 ἰη

116 2243 287 2273 uerborum
321 2246 510 2273 contextum
544 2246 709 2281 receptum
742 2246 791 2271 es!
828 2247 862 2272 ut
893 2252 938 2272 εχ
970 2243 1170 2272 deteriorum
1204 2244 1344 2272 lectione
1375 2241 1504 2282 longus
1535 2241 1696 2282 protrahi

116 2286 179 2325 (εἰς
202 2288 226 2317 Τ
250 2298 288 2317 m.
307 2290 336 2320 2,
365 2290 405 2317 al.
431 2286 466 2315 in
494 2284 655 2325 longum)
681 2288 822 2326 pessime
847 2287 1051 2317 Str-iberam·
1143 2286 1201 2316 uel
1229 2291 1410 2327 tamquam
1438 2287 1462 2316 B
1488 2286 1564 2325 (sed
1588 2297 1618 2316 171
1644 2286 1696 2325 Bg

116 2331 174 2361 uel
205 2332 331 2370 eras.):
365 2330 421 2361 uel
456 2331 556 2371 quasi
589 2331 658 2360 iani
691 2331 748 2360 Ab
781 2330 856 2368 (sed
886 2331 913 2360 A
947 2333 1136 2371 quasz'inln)
1276 2334 1294 2361 2
1328 2336 1362 2362 et
1395 2331 1628 2371 si«pe7·uicax
1661 2335 1696 2361 et

117 2376 198 2406 dim.
224 2376 253 2405 A
383 2379 418 2405 et
443 2385 511 2405 non
537 2376 593 2404 Ab
733 2378 751 2404 ξ’»
781 2375 842 2405 sed
867 2376 895 2405 A
921 2376 952 2405 in
980 2387 1046 2409 ras,
1163 2376 1375 2407 refutandus
1402 2374 1498 2417 (-um
1526 2375 1614 2415 Im.)
1643 2380 1696 2406 est

116 2425 173 2450 unt
196 2421 224 2450 A
315 2421 335 2450 4
362 2419 633 2459 refrigerandus
658 2422 674 2450 ζ-
700 2420 720 2449 b
834 2422 853 2451 5
878 2420 989 2450 uitam
1016 2422 1060 2451 A:
1088 2421 1164 2451 uita
1188 2421 1213 2450 B
1306 2420 1537 2452 ‹listruendus
1563 2419 1603 2450 A¹

117 2467 134 2496 7
161 2468 383 2506 pugnassent
409 2475 453 2496 in.
480 2464 694 2504 mitigantur
718 2465 760 2494 B:
789 2468 926 2505 pugnat
953 2475 994 2495 m.
1023 2465 1212 2505 mitigatur
1239 2466 1310 2503 (tur
1327 2466 1356 2495 A
1381 2468 1455 2495 m.2
1482 2466 1514 2495 z'n
1538 2464 1695 2504 7·r1.s·.)Ab

205 2510 224 2539 8
251 2514 311 2540 aut
338 2509 370 2539 in
398 2518 511 2539 causa
538 2517 572 2542 ςε
601 2512 662 2539 aut
689 2519 730 2539 ex
757 2519 866 2539 causa
891 2509 952 2539 AB
1048 2512 1087 2541 10
1113 2511 1296 2550 suspectio
1325 2510 1371 2540 sit
1396 2510 1573 2550 repetitus
1600 2510 1628 2539 A

115 2554 347 2595 percontionc
374 2554 411 2595 B,
438 2554 737 2594 percunctatione
763 2555 802 2592 A,
829 2555 1106 2594 percuntatione
1133 2556 1152 2584 b
1296 2556 1330 2584 11
1358 2555 1527 2595 promsit
1551 2554 1591 2584 A¹

118 2601 157 2630 13
183 2599 320 2629 raditur
344 2598 384 2628 A¹
483 2600 520 2628 15
547 2599 808 2629 sacraticoruni
835 2600 1138 2639 iiiaxi***1ilcquc
1164 2599 1192 2628 A
1300 2600 1336 2630 17
1364 2609 1441 2629 011111
1469 2599 1591 2640 plures
1618 2600 1693 2639 qui-

116 2644 181 2674 bus
207 2644 298 2674 bene
326 2643 588 2684 respondeatur
614 2648 686 2673 tres
713 2647 832 2673 tamen
858 2643 901 2673 ad
929 2644 956 2674 si
983 2644 1075 2684 quod
1101 2644 1272 2674 uelint-A
1402 2646 1440 2674 19
1468 2653 1537 2683 quo
1563 2653 1583 2673 a

116 2698 200 2729 pars
226 2689 431 2719 consentiat
458 2700 477 2717 a
504 2688 537 2727 (fr
562 2692 595 2725 a)
623 2690 734 2718 testes
759 2688 788 2717 A
880 2689 921 2719 20
946 2689 1082 2719 dium-si
1106 2689 1146 2718 A·
1248 2689 1287 2718 21
1315 2688 1429 2718 adhuc
1456 2687 1496 2718 A*
1593 2687 1692 2729 casu]

118 2742 161 2763 ea
185 2732 214 2763 A
305 2735 345 2763 22
371 2732 545 2773 perducet
570 2733 611 2763 B:
639 2733 812 2773 perducat
837 2733 892 2762 Ab
984 2736 1025 2763 23
1052 2734 1224 2763 uitam„
1241 2734 1389 2763 testium
1413 2734 1442 2763 A
1534 2734 1576 2763 24
1602 2734 1693 2763 rnili-

117 2779 174 2808 tas
198 2778 238 2816 A,
264 2777 407 2808 malitia
432 2787 453 2808 a
550 2777 733 2808 ininiiciae
759 2776 800 2807 A¹
916 2779 957 2807 26
984 2776 1304 2818 deprehendantur
1329 2785 1366 2817 ς,
1394 2778 1638 2818 perducantur
1662 2788 1693 2814 a,

118 2822 340 2862 praedantur
365 2822 421 2861 (an
448 2820 714 2863 prendanturffl
742 2822 770 2852 A
904 2832 982 2852 cuni
1008 2823 1054 2852 A:
1084 2833 1143 2854 0771.
1170 2824 1242 2853 rell.
1269 2827 1300 2853 ct
1326 2830 1346 2855 ς
1497 2824 1539 2853 27
1566 2826 1691 2853 contra

118 2866 160 2896 B:
188 2867 317 2897 circum
343 2867 371 2897 A
468 2869 510 2899 *28
535 2871 649 2898 testes
675 2878 702 2899 s.
729 2866 948 2908 respondent
972 2868 1000 2896 A
1117 2867 1149 2897 ei
1175 2877 1269 2908 quae
1297 2878 1327 2908 p,
1355 2866 1462 2908 uulgo
1489 2867 1627 2899 fatetur
1651 2868 1690 2898 A¹

207 2912 248 2942 29
274 2912 424 2952 sumptis
450 2912 503 2946 Βς

189 2968 363 3006 me‘ru„
384 2967 436 2998 ed.
455 2967 580 2999 Huin.
617 2967 695 3000 Vol.
716 2967 743 2998 1.
1384 2970 1422 2999 15
