1939 3228
118 519 133 544 5

104 860 135 884 10

108 1198 137 1224 15

770 124 833 153 ix.
887 119 923 164 4,
954 118 1124 150 71—79.
1669 103 1748 144 185

152 245 223 272 sex
256 229 370 271 enim
400 228 527 283 pedes
538 260 547 281 ,
582 229 668 268 tres
699 225 993 281 percussiones
1024 223 1168 264 habet.
1230 221 1349 276 peius
1382 219 1514 261 cludit
1549 219 1647 260 finis
1678 218 1747 257 hc-

152 297 346 352 xametri,
377 299 425 338 ut
455 295 614 336 Brutus
644 294 688 335 in
722 292 937 348 epistulis:
988 305 1156 345 neque
1186 289 1272 330 illi
1309 288 1517 329 malunt
1554 286 1581 327 h
1593 286 1748 326 abere

152 369 358 409 tutores
391 355 479 406 aut
510 363 838 414 defensores,
882 359 1131 414 quoniam
1175 371 1382 399 causam
1422 355 1598 397 sciunt
1635 354 1748 408 pla-

153 434 328 476 cuisse
361 432 563 475 Catoni.
612 430 674 471 illi
706 430 847 471 minus
879 430 980 469 sunt
1009 426 1234 479 notabiles,
1267 424 1365 479 quia
1386 424 1466 465 hoc
1497 436 1633 477 genus
1665 435 1749 462 ser-
1766 421 1817 461 To*

152 503 269 544 moni
306 501 546 557 proximum
582 501 658 540 est.
720 498 865 551 itaque
904 498 945 537 et
984 509 1130 536 uersus
1170 493 1215 534 hi
1253 493 1342 534 fere
1383 491 1604 544 excidunt,
1645 503 1749 544 quos

151 571 310 612 Brutus
341 570 434 624 ipso
465 566 733 622 conponendi
765 565 909 606 durius
941 563 1080 605 studio
1106 561 1352 616 saepissime
1382 559 1502 612 facit,
1535 573 1623 599 non
1653 571 1750 597 raro

154 638 356 691 Asinius,
377 637 447 679 sed
482 636 610 677 etiam
642 634 787 677 Cicero
819 645 1164 685 nonnumquam,
1207 631 1253 670 ut
1283 628 1329 669 in
1361 626 1573 682 principio
1605 625 1750 666 statim

154 707 359 749 orationis
390 706 436 747 in
467 705 513 745 L.
547 704 767 745 Pisonem:
818 701 918 742 Pro
958 699 1006 740 di
1043 697 1393 749 immortales,
1435 695 1524 749 qui
1554 694 1640 735 liic
1672 693 1752 734 111-

153 775 293 817 luxit
323 773 465 816 dies?
496 787 583 814 non
614 771 776 812 minore
809 771 951 810 autem
973 782 1073 809 cura
1104 765 1328 807 uitandum
1359 766 1424 804 est
1454 761 1657 817 quidquid
1689 763 1752 802 est
1767 761 1817 801 77

156 845 382 896 ἔνρυθμον,
416 841 538 896 quale
572 837 683 894 apud
705 837 975 880 Sallustium:
1015 834 1167 876 Falso
1199 833 1442 888 queritur
1474 831 1531 872 de
1563 832 1753 871 natura

155 927 259 953 sua.
303 909 497 965 quamuis
529 908 642 949 enim
672 907 819 948 uincta
851 905 920 959 sit,
953 906 1100 945 tamen
1132 902 1269 943 soluta
1291 900 1425 942 uideri
1447 899 1572 940 debet
1602 899 1750 939 oratio.

156 980 276 1035 atqui
293 978 430 1032 Plato,
455 975 807 1032 diligentissimus
831 971 1163 1027 compositionis,
1188 970 1233 1010 in
1255 969 1428 1010 Timaeo
1451 968 1587 1022 prima
1609 967 1754 1008 statim

155 1050 276 1103 parte
307 1047 443 1088 uitare
474 1046 558 1086 ista
589 1058 676 1085 non
716 1042 868 1098 potuit.
931 1056 1031 1082 nam
1063 1042 1105 1081 et
1135 1039 1307 1080 initium
1338 1035 1575 1078 hexametri
1607 1035 1752 1076 statim
1770 1033 1818 1073 72

156 1115 374 1168 inuenias,
423 1116 464 1155 et
509 1112 818 1155 anacreontion
863 1109 1058 1164 protinus
1100 1108 1221 1149 colon
1262 1106 1445 1159 efficias,
1495 1107 1537 1145 et
1576 1104 1611 1145 si
1650 1103 1755 1144 uelis

156 1185 396 1237 trimetron,
425 1184 468 1224 et
488 1181 597 1236 quod
620 1180 781 1221 duobus
803 1178 981 1233 pedibus
1004 1179 1045 1218 et
1067 1178 1188 1231 parte
1210 1175 1513 1226 πενθημιμερέ(
1535 1187 1559 1213 a
1582 1171 1755 1213 Graecis

157 1256 325 1305 dicitur,
360 1254 402 1292 et
432 1252 537 1291 haec
568 1249 711 1290 omnia
732 1248 777 1288 in
799 1247 935 1288 tribus
958 1245 1169 1287 uersibus:
1203 1246 1244 1284 et
1264 1242 1502 1297 Thucydidi
1525 1244 1630 1282 isleed
1650 1242 1756 1292 ὑπὲρ

157 1322 276 1373 ἥμιευ
313 1321 442 1371 Κᾶρες
474 1319 693 1371 ἐφάνηεαν
725 1331 775 1357 ex
807 1315 1054 1356 mollissimo
1086 1312 1382 1366 rhythmorum
1404 1325 1560 1365 genere
1583 1309 1752 1351 excidit.

271 1387 353 1430 Sed
384 1387 482 1442 quia
521 1400 689 1427 omnem
727 1388 1047 1436 compositionem
1089 1380 1319 1422 oratoriam
1360 1381 1555 1421 constare
1589 1381 1758 1430 pedibus
1772 1373 1825 1414 79

159 1457 257 1510 dixi,
291 1456 432 1510 aliqua
465 1455 515 1495 de
546 1454 611 1495 his
635 1468 819 1508 quoque:
852 1466 1028 1506 quorum
1059 1449 1232 1491 nomina
1256 1449 1353 1503 quia
1374 1447 1494 1488 uaria
1514 1446 1755 1499 traduntur,

1799 1031 1822 1068 „D

108 1539 122 1562 2
162 1524 506 1566 constituendum
539 1525 602 1563 est
633 1527 715 1576 quo
747 1534 953 1576 quemque
977 1518 1251 1573 appellemus.
1295 1516 1488 1571 equidem
1512 1514 1759 1557 Ciceronem

160 1606 312 1647 sequar
344 1591 462 1646 (nam
493 1591 529 1632 is
562 1590 920 1632 eminentissimos
953 1587 1211 1629 Graecorum
1245 1587 1309 1626 est
1340 1586 1546 1637 secutus),
1581 1585 1759 1637 excepto

160 1661 270 1716 quod
308 1674 381 1714 pes
421 1658 525 1700 mihi
565 1659 644 1700 tris
684 1657 870 1712 syllabas
911 1671 999 1697 non
1037 1655 1207 1696 uidetur
1238 1653 1461 1706 excedere,
1503 1666 1759 1706 quamquam

250 1779 281 1810 8.
308 1777 346 1807 in
372 1776 446 1807 Pis.
470 1776 488 1815 ξ
516 1776 544 1806 1.
642 1775 692 1807 10.
717 1774 794 1816 Iug.
823 1775 852 1804 1.
949 1772 1000 1806 16.
1027 1772 1056 1811 Ι,
1083 1771 1116 1803 8.
1211 1771 1265 1801 20.
1293 1770 1394 1801 Orat.
1423 1780 1452 1800 c.
1479 1769 1521 1800 64
1548 1778 1601 1809 sq.

253 1881 268 1910 1
295 1879 410 1910 habet
433 1879 512 1908 AG:
538 1877 676 1909 habent
700 1878 793 1910 MSg
888 1874 1003 1906 cludit
1028 1875 1108 1905 MS:
1136 1872 1252 1905 eludit
1277 1872 1341 1903 AG
1435 1874 1452 1902 2
1481 1870 1671 1912 aepistolis
1690 1871 1716 1901 G

161 1928 180 1958 3
207 1925 375 1966 quoniam
404 1934 551 1954 causam
578 1923 698 1954 sciunt
722 1923 864 1962 scripsi:
892 1931 998 1962 quam
1026 1919 1218 1950 consciunt
1244 1919 1281 1959 G,
1311 1927 1518 1958 quamquam
1546 1918 1665 1947 sciunt
1691 1917 1758 1952 Ας,

163 1981 269 2012 quam
298 1970 372 2011 (qui
397 1969 429 2009 S)
457 1968 687 2000 constituunt
711 1969 773 1998 MS
889 1968 910 1998 4
936 1965 1003 2006 illi}
1027 1966 1112 2004 fort,
1139 1964 1252 1995 iambi
1347 1964 1463 1994 minus
1487 1961 1517 1992 A
1542 1965 1574 1993 in
1598 1974 1668 1993 ras.
1697 1963 1759 1992 mi-

164 2016 228 2047 mis
255 2017 294 2056 G,
322 2015 428 2046 nimis
454 2016 489 2044 M
583 2014 759 2045 sermonis
785 2013 887 2048 AGS,
914 2021 1098 2042 sermones
1118 2011 1164 2049 M,
1192 2021 1249 2041 em,
1279 2009 1402 2049 Hessius
1495 2009 1514 2039 5
1541 2007 1598 2038 hic
1628 2008 1701 2039 fere
1720 2008 1762 2047 A,

162 2062 221 2093 hie
247 2062 342 2092 ferre
369 2061 450 2100 GM,
477 2060 536 2090 hic
562 2060 604 2090 ue
630 2060 660 2098 S,
688 2059 756 2089 toti
782 2058 859 2089 fere
886 2057 1031 2089 Bonnell
1157 2056 1176 2086 6
1201 2056 1327 2087 brutus
1354 2055 1430 2084 MS:
1458 2053 1576 2084 brutis
1601 2054 1666 2083 AG

163 2107 286 2138 durius
311 2107 435 2138 AGM:
463 2104 572 2136 durus
590 2107 620 2138 S,
649 2105 777 2135 ductus
805 2113 822 2137 ς
919 2102 1039 2133 studio
1066 2101 1290 2142 saepessime
1308 2100 1349 2137 A,
1376 2099 1539 2131 studiose
1565 2098 1763 2140 pessimehG

254 2153 272 2183 7
298 2152 438 2183 asinius
464 2160 501 2181 a:
530 2150 694 2181 nasinius
720 2150 760 2189 A,
787 2148 953 2179 hasinius
979 2149 1060 2185 GM,
1088 2147 1154 2177 has
1180 2147 1217 2177 in
1244 2146 1315 2176 uiis·
1341 2146 1360 2175 S
1499 2146 1518 2175 8
1544 2144 1579 2174 di
1604 2145 1683 2174 AG:
1713 2144 1764 2174 clii

162 2199 255 2232 Μδς
348 2195 572 2228 immortales
599 2197 636 2226 S:
663 2194 875 2225 inmortales
900 2194 946 2233 M,
974 2192 1191 2223 immortalis
1216 2192 1255 2229 A,
1284 2189 1470 2221 immortai
1495 2190 1522 2220 G
1638 2189 1717 2229 quis
1743 2196 1763 2223 ς

163 2249 195 2275 ec
213 2243 395 2274 Caesarius
421 2243 453 2272 in
471 2242 632 2272 Diomede
657 2252 690 2280 p.
713 2241 777 2271 468
796 2239 841 2278 Κ,
870 2240 930 2280 qui
958 2238 1016 2269 hic
1042 2248 1137 2269 nunc
1162 2238 1248 2270 coni.
1269 2236 1435 2276 Spalding]
1540 2237 1558 2266 0
1586 2235 1763 2265 uitandum

163 2293 213 2320 est
239 2289 402 2330 quidquid
426 2291 477 2318 est
502 2287 530 2316 A
640 2287 680 2317 10
708 2285 901 2326 enpiomon
926 2284 1000 2321 AG,
1026 2285 1088 2314 sed
1111 2283 1140 2313 A
1164 2284 1197 2313 in
1222 2292 1292 2314 ras.
1321 2282 1525 2322 empiomon
1551 2281 1597 2317 M,
1627 2279 1763 2320 empio⁴

164 2344 245 2365 nom
271 2335 302 2371 S,
330 2344 388 2364 em.
417 2332 677 2372 Capperonnier
769 2329 870 2371 quale
890 2330 919 2359 A
1014 2330 1051 2359 11
1079 2329 1182 2358 uicta
1209 2326 1276 2365 (uel
1302 2326 1415 2365 iucta)
1442 2326 1559 2365 A'GS,
1589 2325 1764 2355 iunctaM

256 2378 371 2410 soluta
396 2378 436 2415 A,
464 2376 573 2407 silota
599 2377 653 2406 GS
771 2377 811 2406 12
839 2378 948 2415 atque
974 2375 1108 2404 AGMS
1202 2372 1338 2403 timaeo
1363 2372 1392 2401 A
1417 2377 1453 2403 ut
1477 2373 1628 2402 uidelwz·
1655 2371 1763 2400 timeo

166 2424 203 2464 G,
231 2424 342 2454 timae
368 2432 398 2460 a,
425 2422 561 2453 thimeo
587 2423 618 2460 S,
645 2424 766 2462 tymeo
792 2422 841 2459 M,
868 2420 1010 2451 Timaei
1035 2420 1142 2450 malim
1260 2419 1298 2448 13
1327 2417 1460 2447 inicium
1484 2418 1523 2455 A,
1552 2417 1711 2446 inumum
1738 2416 1764 2445 G

257 2468 432 2500 exametri
457 2468 493 2506 S,
521 2467 718 2498 exametris
742 2465 864 2496 A'GM
1006 2466 1044 2495 14
1072 2463 1331 2495 anacreontion
1358 2463 1397 2501 A,
1425 2462 1637 2493 anacretion
1666 2461 1764 2491 GMS

257 2513 398 2545 efficies
416 2513 487 2543 <AG
633 2514 673 2543 15
706 2519 964 2543 nexonamepec
994 2511 1041 2549 A,
1072 2516 1326 2541 neNOHsxnePes
1354 2508 1380 2537 G
1529 2508 1565 2537 16
1598 2506 1763 2536 uersibus

166 2561 252 2592 coni.
275 2560 359 2590 Dan.
390 2558 446 2597 (P.
468 2556 605 2596 Daniel)
631 2559 741 2590 in'ed.
769 2557 951 2588 Leiclensz':
978 2555 1098 2586 uerbis
1125 2555 1201 2586 libri
1321 2558 1352 2584 el
1379 2552 1543 2584 tuela‘didi
1572 2549 1681 2593 (didis
1706 2562 1761 2592 pr.

166 2604 219 2644 m.)
245 2606 284 2643 A,
314 2608 351 2636 et
376 2603 547 2634 tusididis
573 2604 669 2633 GMS
764 2601 860 2633 istud
887 2602 965 2632 add.
992 2600 1158 2642 Spalding]
1269 2603 1697 2637 nePHMYCIKaPecespaNll
1725 2597 1763 2636 (Η

166 2648 277 2692 corr.)
304 2659 371 2681 caN
398 2650 437 2689 A,
465 2653 900 2688 nepnmaxcxxapncespan
930 2655 1023 2678 ΝΕΑΝ
1050 2647 1076 2676 G
1187 2646 1224 2676 17
1253 2655 1295 2675 cx
1322 2643 1532 2674 mollissimo
1560 2643 1763 2673 ritlnnorum

166 2697 206 2733 A,
235 2706 278 2727 ex
306 2694 518 2726 mollissimo
545 2695 739 2734 riginorum
765 2694 817 2733 M,
851 2701 945 2724 exuo
973 2693 1049 2731 (om.
1077 2691 1108 2732 S)
1142 2690 1216 2721 illis
1243 2691 1347 2721 timor
1374 2693 1410 2719 et
1436 2699 1571 2719 morum
1598 2688 1650 2718 GS

169 2741 316 2772 excidat
341 2741 439 2771 GMS
552 2740 590 2770 18
617 2741 718 2770 omne
743 2741 809 2769 Sa:
837 2748 941 2769 omne
967 2738 1006 2774 A,
1035 2737 1132 2768 omni
1159 2736 1228 2765 GM
1322 2734 1619 2775 compositionem
1648 2735 1765 2763 orato-

167 2787 257 2817 riam
276 2786 461 2827 Spaldiny:
488 2786 685 2816 oratoriam
711 2785 799 2823 libri,
827 2783 1043 2821 orationem,
1068 2790 1088 2816 ς
1113 2781 1158 2820 cf.
1177 2784 1207 2819 9,
1229 2782 1259 2819 J,
1279 2783 1322 2811 52
1402 2779 1555 2820 pedibus
1574 2780 1626 2810 ed.
1650 2778 1763 2818 Camp.

168 2842 228 2864 om.
255 2831 333 2862 libri
426 2832 467 2862 19
494 2830 580 2871 quia
605 2830 686 2860 AG:
715 2839 784 2869 quo
810 2830 856 2864 M,
885 2838 989 2869 quam
1017 2829 1098 2858 dett.
1126 2827 1212 2857 unde·
1240 2826 1361 2865 Hegsizzs
1389 2826 1559 2865 quoniam
1659 2824 1764 2853 uaria

167 2877 212 2907 A:
240 2877 342 2907 uarie
369 2885 405 2906 a:
432 2877 539 2907 uaria
566 2878 582 2907 e
608 2876 652 2913 G,
686 2875 791 2905 uaria
819 2884 898 2904 esse
924 2875 986 2903 MS
1012 2877 1043 2904 et
1070 2873 1152 2904 dett.
1292 2872 1334 2902 20
1360 2870 1524 2911 equidem
1555 2869 1690 2910 Zumpt:
1730 2872 1765 2898 e‘s,

169 2921 314 2961 quidem
341 2921 418 2952 libri
533 2922 573 2951 21
603 2920 910 2951 eminentissimos
935 2919 979 2949 A:
1015 2918 1165 2949 emissos
1193 2916 1501 2948 eminentissimos
1527 2915 1623 2945 GMS
1723 2914 1764 2943 22

170 2967 234 2997 tris
261 2966 422 3007 syllabas
448 2967 489 2996 G:
516 2965 730 3008 trisyllabas
756 2966 785 2995 A
810 2969 842 2996 et
865 2965 913 2996 sic
938 2965 1014 2995 item
1037 2974 1072 3004 p,
1093 2965 1167 3002 130¹,
1187 2964 1219 3002 4,
1246 2960 1451 2994 trissilabos
1479 2960 1578 3001 (-bus
1604 2961 1652 3000 M)
1680 2959 1741 2988 MS
