1955 3228
836 125 1113 157 PRAEFATIO.
1717 129 1766 158 IX

169 251 215 292 in
262 251 381 292 libris
406 251 667 293 *melioribus
714 250 866 291 leuiter
904 252 1092 306 corrupti
1142 253 1241 293 sunt
1248 284 1259 306 ,
1307 251 1545 293 emendatio
1582 252 1766 306 primum

169 331 332 372 tentata
363 330 429 372 sit.

282 409 419 451 Maius
442 410 731 452 adiumentum
753 409 806 450 ad
830 408 1057 451 uerborum
1079 411 1324 452 contextum
1345 410 1598 460 Quintiliani
1629 425 1766 452 emen-

168 489 353 530 dandum
382 490 589 544 praebent
618 489 700 530 duo
731 489 872 530 fontes
904 488 985 530 hoc
1008 489 1176 531 demum
1199 490 1366 530 saeculo
1389 490 1534 544 aperti.
1576 490 1766 532 Primum

168 569 281 610 enim
311 569 504 625 Angelus
535 569 673 610 Maius
705 583 740 610 a.
767 568 874 610 1823
903 568 931 611 J
943 569 1038 610 ulii
1068 568 1307 610 Victoris
1347 571 1480 610 artem
1510 569 1764 611 rhetoricam

166 649 210 690 in
232 649 369 690 lucem
392 648 543 690 edidit:
575 648 646 703 qui
673 663 766 690 011111
788 663 988 704 magnam
1018 650 1184 702 partem
1214 648 1312 689 libri
1345 649 1408 689 sui
1439 664 1489 690 ex
1512 648 1763 698 Quintiliani

164 728 437 770 institutione
469 728 708 783 compilarit
739 742 912 782 eamque
943 728 1030 769 fere
1060 727 1111 768 ad
1141 727 1316 768 uerbum
1350 728 1585 769 exscribere
1604 729 1764 787 soleat,

129 807 135 809 ’
164 808 345 849 multum
376 808 573 849 utilitatis
605 807 742 849 adfert
780 807 831 848 ad
871 807 1108 861 complures
1141 806 1391 856 Quintiliani
1428 807 1543 849 locos
1574 807 1643 848 uel
1675 822 1763 849 cor-

162 889 310 942 ruptos
355 887 566 929 sanandos
605 887 674 929 uel
714 886 827 928 haud
866 887 1057 942 integros
1098 886 1369 941 simplenclos.
1431 887 1529 928 Alia
1570 889 1765 942 excerpta

163 981 214 1007 ex
245 966 363 1007 libris
386 966 492 1008 VIII
515 969 556 1008 et
576 966 705 1008 VIIII
727 965 981 1016 Quintiliani
1013 965 1144 1007 codex
1177 966 1372 1022 egregius
1398 966 1615 1007 Parisinus
1646 982 1760 1009 num.

163 1046 273 1087 7530
303 1046 516 1101 continet,
549 1061 654 1101 quae
675 1046 933 1088 Ecksteinus
964 1046 1009 1086 in
1031 1045 1264 1087 Anecdotis
1296 1045 1499 1086 Parisinis
1530 1061 1570 1100 p.
1594 1047 1649 1087 20
1670 1061 1759 1101 sqq.

159 1126 407 1180 publicauit.
478 1125 638 1167 Eorum
678 1140 777 1180 ope7
825 1126 903 1167 etsi
949 1140 1159 1180 perpauca
1198 1127 1317 1179 sunt,
1367 1126 1605 1180 complures
1645 1127 1761 1168 locos

159 1206 349 1261 grauiter
388 1208 608 1260 corruptos
656 1205 700 1246 in
745 1206 960 1261 integrum
998 1205 1219 1246 restituere
1261 1205 1393 1246 licuit.
1461 1205 1673 1259 Excerpta
1712 1220 1760 1246 ex

160 1285 424 1335 Quintiliano
457 1286 558 1327 item
591 1285 867 1326 inueniuntur
898 1285 942 1325 111
973 1285 1117 1325 multis
1147 1285 1360 1326 codicibus
1384 1285 1634 1339 compendio
1658 1285 1759 1326 artis

158 1365 395 1407 rhetoricae
433 1365 689 1407 Cassiodorii
726 1365 987 1420 praeposita3
1029 1366 1080 1406 cf.
1115 1380 1219 1419 quae
1259 1366 1499 1406 monuimus
1539 1365 1583 1405 in
1621 1364 1756 1405 Praef.

158 1444 283 1486 Rhet.
314 1444 405 1486 Lat.
438 1445 651 1486 minorum
682 1460 722 1498 p.
751 1444 847 1485 XII.
908 1444 1023 1485 Hae(-
1056 1459 1241 1498 quoque,
1275 1459 1528 1499 quamquain
1558 1444 1757 1498 pleraque

157 1525 380 1579 perbreuia
412 1526 510 1565 sunt
520 1557 530 1577 ,
564 1537 652 1564 non
684 1524 773 1564 sine
805 1524 945 1565 fructu
976 1539 999 1564 a
1030 1523 1150 1564 nobis
1184 1523 1373 1563 adhibita
1404 1525 1514 1564 sunt.

273 1603 364 1653 Quo
403 1603 540 1658 magis
580 1605 719 1644 autem
760 1603 947 1657 corrupti
993 1603 1230 1657 complures
1270 1602 1521 1651 Quintiliani
1568 1602 1664 1643 libri
1704 1602 1755 1643 ad

157 1684 338 1724 aetatem
359 1685 549 1723 nostram
580 1684 885 1736 peruenerunt,
919 1696 967 1723 eo
999 1682 1179 1723 maiores
1210 1682 1369 1736 gratias
1400 1696 1523 1736 agere
1555 1681 1754 1723 debemus

157 1762 322 1816 amicis,
355 1762 426 1816 qui
451 1761 818 1803 emendationibus
841 1761 1162 1802 communicatis
1193 1774 1272 1801 nos
1304 1761 1348 1800 in
1370 1774 1495 1814 opere
1518 1775 1640 1814 saepe
1664 1775 1755 1814 per-

157 1842 321 1884 difficili
353 1842 572 1883 subleuare
593 1841 840 1894 uoluerunt,
872 1842 1039 1894 praeter
1070 1842 1231 1881 ceteros
1255 1839 1516 1880 Gulielmo
1541 1838 1754 1880 Christo

158 1922 345 1977 collegae
374 1921 736 1974 familiarissimo,
768 1920 919 1961 deinde
950 1919 1185 1961 Conrado
1215 1918 1491 1972 Bursiano,
1523 1918 1755 1960 Henrico

156 2002 358 2056 Keilio,
390 2000 623 2043 Eduardo
648 2000 991 2054 IVoelfflino,
1024 1999 1204 2053 denique
1237 1998 1501 2040 Gulielmo
1524 1999 1755 2059 Meyer-9,

157 2082 228 2137 qui
257 2096 324 2123 me
354 2082 400 2123 in
430 2081 614 2136 plagulis
647 2080 907 2135 corrigendis
940 2080 1100 2134 optime
1122 2079 1295 2120 adiuuit.
1346 2079 1385 2119 A
1406 2079 1625 2120 nonnullis
1658 2094 1756 2134 quo-

157 2176 236 2216 que
275 2161 489 2202 sodalibus
530 2160 744 2201 seminarii
781 2159 1033 2215 philologici
1064 2159 1354 2209 Monacensis,
1385 2173 1479 2199 cum
1519 2159 1649 2200 libros
1682 2158 1755 2213 VI,

155 2240 280 2295 VIII,
313 2240 352 2282 X
382 2241 427 2281 in
459 2240 686 2282 seminario
719 2238 1058 2294 interpretandos
1096 2238 1434 2294 proposuissem,
1475 2238 1636 2293 aliquot
1674 2239 1755 2281 loci

156 2320 337 2362 feliciter
368 2320 504 2362 sanati
535 2322 645 2361 sunt.

270 2455 408 2501 Scripsi
432 2455 619 2491 Monachii
645 2467 771 2491 11101150
798 2454 1010 2500 Septembri
1035 2466 1067 2489 a.
1087 2459 1183 2491 1868.

1229 2644 1461 2690 Carolus
1498 2644 1680 2690 Halm.
