1939 3180
157 68 241 110 210
676 76 971 114 QUINTILIANI
1004 76 1121 106 INS'r.
1157 76 1229 106 on.

158 182 293 222 tutem
325 181 367 221 et
388 193 522 220 nouas
545 179 870 233 superstitiones
892 178 1202 220 introduceret:
1236 179 1278 219 et
1299 177 1470 234 singula
1491 192 1541 219 ex
1562 177 1755 232 pluribus

160 248 434 303 colliguntur,
476 249 523 288 ut
555 262 649 288 cum
680 246 839 302 legatio
857 246 980 290 .,male
1011 248 1135 302 gesta
1165 245 1347 288 obicitur
1378 245 1606 300 Aeschini,
1646 245 1757 301 quod

158 317 363 358 mentitus
395 315 472 369 sit,
506 315 616 370 quod
647 305 756 356 nihil
786 329 836 356 ex
867 315 1289 368 mandatis'fecerit,
1324 314 1434 369 quod
1465 305 1654 356 moratus
1685 314 1753 368 sit,

120 384 269 440 unod
300 398 478 425 munera
510 384 736 438 acceperit.
795 383 1006 425 recusatio
1037 374 1200 438 quoque
1237 382 1372 437 pluris
1402 382 1575 425 interim
1606 396 1756 436 propo-

162 453 339 494 sitiones
370 452 511 507 habet,
543 455 590 494 ut
622 454 771 494 contra
802 451 1055 506 petitionem
1086 450 1314 506 pecunia-e:
1349 451 1481 491 <male
1501 450 1632 505 petis:
1663 464 1757 505 pro·
1794 463 1809 487 5

163 521 347 562 curatori
379 521 493 562 enim
523 521 603 562 tibi
636 535 726 562 esse
756 534 843 561 non
873 519 1007 574 licuit,
1048 519 1120 571 sed
1150 533 1287 574 neque
1318 518 1394 573 illi,
1436 518 1553 560 cuius
1584 518 1758 560 nomine

158 589 329 645 litigas,
374 589 531 630 habere
562 590 898 643 procuratorem:
941 589 1013 629 sed
1054 602 1190 642 neque
1222 589 1286 628 651
1316 586 1438 628 heres
1470 587 1580 641 61115,
1623 601 1647 627 a
1677 600 1758 641 quo

120 658 373 713 Taccepisse
405 659 598 698 mutuam
630 656 766 712 dicor,
807 671 887 697 nec
918 656 997 710 ipsi
1038 656 1201 697 debui’.
1263 654 1538 710 multiplicari
1575 653 1682 696 haec
1712 655 1758 696 in

159 728 366 782 quantum
396 725 503 766 libet
533 727 724 779 possunt,
757 725 829 766 sed
860 739 950 765 rem
981 724 1215 765 ostendisse
1247 723 1351 764 satis
1383 725 1460 764 est.
1512 723 1592 764 hae
1623 724 1658 764 si
1686 737 1757 777 po-

157 796 317 836 nantur
348 793 542 849 singulae
574 794 776 835 subiectis
807 793 1153 848 probationibus,
1195 792 1338 847 plures
1377 794 1478 833 sunt
1506 790 1758 846 propositio-
1777 805 1810 830 10

158 878 253 905 nes:
286 863 320 904 si
353 862 683 916 coniungantur,
714 862 759 903 in
791 862 1065 916 partitionem
1098 861 1267 902 cadunt.

119 934 143 975 8
270 930 351 972 Est
382 932 424 971 et
453 930 568 971 nuda
590 930 838 986 propositio,
872 929 1008 985 qualis
1029 929 1118 970 fere
1140 929 1184 970 in
1208 928 1564 971 coniecturalibus
1596 927 1759 969 ‘caedis

160 1013 261 1055 ago,
306 1000 468 1040 furtum
509 998 695 1040 obicio':
742 1001 806 1039 est
846 997 1012 1039 ratione
1052 998 1264 1053 subiecta,
1311 1000 1359 1039 ut
1401 998 1760 1038 ‘maiestatem

157 1068 352 1109 minuit
392 1067 438 1109 G.
472 1066 775 1108 Cornelius:
823 1081 941 1107 nam
982 1066 1214 1108 codicem
1252 1065 1503 1106 tribunus
1541 1064 1605 1120 pl.
1647 1064 1758 1118 ipse

157 1151 249 1191 pro
289 1136 541 1177 contione
580 1135 757 1190 legit.'
823 1137 993 1189 praeter
1031 1134 1136 1176 haec
1175 1134 1336 1175 utimur
1365 1133 1655 1189 propositione
1686 1126 1760 1173 aut
1778 1146 1810 1172 15

158 1207 320 1258 nostra,
354 1205 401 1244 ut
432 1203 713 1244 ‘adulterium
744 1203 918 1257 obicio',
953 1206 1027 1244 aut
1058 1203 1311 1255 aduersarii,
1343 1204 1391 1243 ut
1423 1201 1641 1242 ‘adulterii
1674 1215 1758 1241 me-

160 1288 255 1314 cum
287 1272 469 1327 agitur’,
504 1274 578 1313 aut
609 1272 835 1326 communi,
869 1274 917 1313 ut
948 1271 1084 1313 ‘inter
1104 1286 1171 1312 me
1194 1273 1236 1312 et
1257 1271 1547 1312 aduersarium
1569 1269 1759 1325 quaestio

159 1344 244 1395 est,
288 1343 380 1381 uter
411 1341 467 1381 sit
497 1341 703 1382 intestato
734 1340 944 1395 propior'.
1006 1354 1330 1394 nonnumquam
1368 1339 1556 1380 diuersas
1594 1351 1759 1392 quoque

158 1409 395 1464 iungimus:
429 1410 532 1463 ‘ego
563 1407 643 1449 hoc
675 1408 782 1462 dico,
817 1408 1084 1449 aduersarius
1115 1408 1235 1449 hoc.’

119 1480 144 1522 9
271 1476 415 1518 Habet
451 1475 625 1517 interim
665 1477 751 1517 uim
782 1476 1107 1531 propositionis,
1149 1476 1279 1517 etiam
1311 1476 1346 1517 si
1377 1490 1453 1530 per
1491 1490 1534 1516 se
1570 1489 1657 1516 non
1696 1475 1760 1515 651
1777 1489 1811 1515 20

159 1545 407 1601 propositio,
443 1558 537 1585 cum
569 1545 761 1598 exposito
782 1559 923 1586 rerum
945 1545 1092 1586 ordine
1115 1545 1367 1586 subicimus:
1400 1543 1475 1584 ede
1505 1544 1572 1584 his
1604 1557 1759 1598 cogno-

160 1614 325 1668 scetis',
367 1615 415 1654 ut
445 1612 500 1654 sit
537 1612 643 1654 haec
676 1613 949 1655 commonitio
980 1613 1152 1667 iudicis,
1196 1628 1276 1668 quo
1308 1627 1352 1654 se
1384 1612 1435 1653 ad
1466 1612 1759 1667 quaestionem

160 1683 299 1724 acrius
330 1681 543 1735 intendat,
578 1683 620 1722 et
649 1681 767 1722 uelut
797 1683 978 1737 quodam
1010 1684 1130 1723 tactu
1161 1682 1371 1723 excitatus
1402 1681 1531 1722 finem
1553 1695 1642 1722 6556
1663 1694 1759 1721 nar-

160 1751 339 1792 rationis
361 1752 403 1791 et
423 1750 594 1791 initium
616 1749 882 1804 probationis
904 1750 1143 1805 intellegat,
1178 1753 1220 1791 et
1240 1749 1363 1790 nobis
1392 1749 1759 1790 confirmationem

160 1818 503 1874 ingredientibus
542 1819 632 1872 ipse
664 1833 828 1873 quoque
860 1818 1166 1873 quodaminodo
1198 1832 1356 1859 nouum
1388 1817 1588 1858 audiendi
1619 1818 1760 1858 sumat
1777 1832 1810 1857 25

161 1887 391 1929 exordium.
679 1888 681 1891 “

279 1955 326 1997 V.
386 1954 620 1995 Partitio
659 1957 723 1995 est
760 1956 1003 1996 nostrarum
1043 1957 1116 1995 aut
1148 1954 1380 1996 aduersarii
1418 1953 1758 2009 propositionum

162 2026 237 2066 aut
254 2026 528 2078 utrarumque
546 2022 693 2064 ordine
712 2023 932 2065 conlocata
949 2024 1226 2065 enumeratio.
1260 2023 1340 2064 hac
1361 2023 1531 2078 quidam
1553 2022 1758 2063 utendum

162 2108 327 2148 semper
357 2094 526 2147 putant,
561 2094 671 2147 quod
703 2107 751 2133 ea
782 2092 857 2133 fiat
889 2107 1016 2133 causa
1047 2092 1225 2133 lucidior
1256 2094 1298 2132 et
1326 2091 1452 2132 iudex
1484 2091 1690 2132 attentior
1711 2104 1759 2131 ac

252 2246 271 2275 2
299 2243 492 2275 maleiesta
517 2243 542 2273 B
636 2246 655 2275 3
682 2243 733 2274 nil
759 2243 784 2273 B
885 2244 1034 2275 moratis
1059 2244 1079 2274 b
1194 2244 1216 2274 4
1241 2242 1418 2274 refutatio
1442 2251 1557 2282 maryo
1583 2239 1700 2281 Steplz.
1726 2245 1759 2271 et

165 2290 289 2331 Grgyplz.
318 2295 353 2321 at
379 2291 422 2329 ef.
447 2291 477 2323 3,
499 2291 550 2325 10,
571 2291 588 2319 l
683 2289 805 2330 plures
830 2289 886 2320 Ab
979 2291 999 2320 5
1025 2289 1119 2330 petis
1143 2288 1224 2319 AB:
1251 2288 1377 2329 petitis
1403 2287 1427 2317 Τ
1453 2293 1485 2319 et
1510 2287 1586 2320 edd.
1614 2290 1755 2318 recenti.

230 2335 459 2377 procuratori
485 2334 527 2364 B:
555 2339 789 2375 procuratore
815 2335 848 2375 b,
876 2335 1192 2376 procuratoremA
1217 2340 1249 2366 et
1273 2335 1347 2365 eod.
1379 2333 1528 2365 Victoris
1553 2333 1599 2372 cf.
1619 2335 1647 2369 7,
1667 2333 1696 2367 1,
1717 2333 1757 2362 19

233 2383 250 2413 7
279 2384 334 2412 est
359 2382 396 2412 b:
432 2390 470 2411 es
495 2380 599 2419 ABn,
637 2381 670 2410 ei
694 2380 764 2420 Bg3
798 2384 854 2411 est
879 2380 985 2411 heres
1010 2391 1056 2411 se.
1090 2382 1144 2412 ille
1169 2381 1261 2411 enias
1294 2381 1422 2411 nomine
1454 2380 1526 2419 agis
1551 2379 1594 2418 ef.
1616 2380 1644 2414 7,
1665 2380 1695 2414 1,
1716 2378 1759 2407 20

231 2429 250 2459 8
276 2432 435 2458 mutuum
453 2426 482 2457 A
574 2436 642 2457 1160
659 2425 701 2456 Β;
730 2425 792 2457 sed
812 2436 878 2457 nec
895 2426 924 2456 A
1017 2428 1036 2457 9
1064 2429 1219 2467 ponatur
1235 2425 1261 2455 B
1356 2426 1395 2456 12
1423 2428 1478 2455 est
1505 2424 1616 2454 etiam
1640 2423 1760 2454 Victor

161 2484 196 2514 p.
215 2474 291 2509 417,
312 2475 352 2503 17
448 2470 758 2503 coniecturalibus
782 2472 811 2501 A
905 2471 1004 2503 cedis
1032 2482 1098 2514 ego
1123 2472 1152 2502 A
1247 2472 1286 2502 14
1313 2470 1355 2502 G.
1383 2471 1412 2501 A
1505 2473 1548 2500 tr.
1576 2470 1622 2510 pl.
1642 2468 1705 2498 AB

166 2518 206 2549 16
233 2521 295 2549 aut
323 2518 526 2549 aduersarii
552 2534 593 2538 —
622 2516 743 2558 agitur
767 2528 828 2550 om.
854 2517 883 2547 A
1000 2516 1188 2548 aduersari
1220 2520 1261 2548 ut
1292 2515 1447 2547 adulteri
1473 2513 1511 2544 13¹
1654 2515 1693 2545 18
1720 2515 1759 2544 ut

164 2565 212 2595 sit
237 2564 289 2603 Bg
381 2564 548 2605 proprior
572 2563 598 2592 B
709 2564 748 2594 19
774 2563 956 2603 iungimus
984 2567 1023 2593 ut
1053 2564 1171 2594 Victor
1279 2563 1321 2594 20
1346 2561 1431 2593 abet
1456 2560 1504 2590 Bn
1597 2559 1758 2600 proposi-

164 2610 272 2640 tionis
298 2609 349 2648 Bg
374 2620 463 2640 corr.
490 2620 535 2640 ea:
560 2607 847 2650 propositionib3
965 2609 1005 2639 21
1035 2608 1232 2650 propositio
1258 2617 1339 2638 nam
1367 2616 1446 2637 011111
1473 2606 1513 2645 A,
1540 2604 1756 2646 propositio-

164 2665 244 2685 ncni
273 2665 350 2685 cuni
376 2656 396 2685 b
490 2653 722 2694 cognoscetis
753 2653 892 2685 Victor:
918 2655 1140 2695 cognoscitis
1165 2654 1201 2693 Β,
1231 2652 1385 2694 ”cgnitis
1410 2652 1455 2690 A3
1483 2652 1637 2682 diuersus
1663 2650 1754 2681 ulde—

165 2705 220 2731 ίιιι·
246 2703 336 2731 loeus
361 2702 519 2741 superior
544 2702 562 2738 ἕ
590 2702 622 2736 3,
650 2701 691 2730 (le
717 2710 780 2741 quo
806 2700 849 2739 ef.
877 2699 984 2741 li'agss.
1010 2702 1030 2732 I.
1057 2710 1085 2730 e.
1110 2710 1144 2741 p,
1164 2701 1230 2731 841
1256 2702 1347 2730 extr.
1451 2697 1493 2727 22
1519 2695 1649 2726 iudicis
1675 2695 1700 2724 Β
1726 2699 1759 2725 el

171 2746 308 2776 Victor:
333 2757 395 2777 οηι.
423 2746 451 2776 A
590 2746 632 2776 23
658 2743 825 2776 intendat
850 2745 888 2780 A,
915 2746 976 2775 sed
1001 2755 1021 2776 a
1046 2746 1079 2775 in
1104 2756 1175 2777 ras.
1315 2741 1417 2774 uelut
1442 2741 1570 2782 (ueluti
1595 2741 1652 2777 A')
1678 2739 1755 2771 Ab:

165 2791 222 2820 1161
251 2791 275 2820 B
368 2791 510 2821 utiactu
536 2790 561 2820 B
654 2790 894 2821 resuscitatus
918 2791 947 2820 A
1039 2792 1082 2821 24
1108 2794 1143 2822 et
1170 2790 1261 2830 (ante
1287 2789 1384 2824 init.)
1408 2798 1469 2818 0711.
1495 2787 1524 2817 A
1624 2787 1664 2818 27
1693 2785 1756 2817 DE

167 2836 478 2869 PAR'rl'rloNss.
530 2835 685 2867 partitio
711 2835 773 2866 AB
913 2835 1154 2867 aduersari-B
1303 2834 1345 2865 28
1377 2834 1413 2863 111
1445 2833 1608 2863 ordinem
1639 2833 1758 2863 Victor

166 2892 197 2920 J).
221 2883 294 2915 417.
317 2884 361 2911 30
494 2881 678 2912 collocata
703 2882 731 2911 A
757 2886 788 2912 et
819 2882 956 2913 Victor.-
984 2881 1131 2912 conlata
1157 2881 1200 2920 B,
1226 2884 1262 2911 at
1287 2880 1331 2919 cf.
1353 2882 1381 2916 7,
1402 2881 1453 2916 10,
1475 2880 1526 2909 10.
1545 2880 1576 2919 9,
1596 2880 1626 2918 1,
1648 2880 1666 2908 7

168 2928 209 2956 2⁴.»
238 2926 326 2965 ιμιωιί
356 2927 397 2956 :lo
426 2938 468 2957 va
494 2927 518 2955 B
613 2928 789 2958 attentior
815 2927 860 2956 A:
889 2927 1060 2957 intentior
1084 2927 1109 2956 B
