1987 3212
196 153 282 183 VIII
865 146 1142 177 PRAEFATIO.

197 277 299 320 satis
331 277 577 332 diligenter3
611 274 662 316 cf.
687 288 792 328 quae
817 272 1087 327 exposuimus
1118 272 1164 312 in
1194 268 1493 312 dissertatione
1524 268 1575 310 de
1604 268 1796 310 fontibus

197 358 402 399 librorum
425 354 676 405 Quintiliani
708 351 1120 410 (Sitzungsberichte
1153 350 1226 410 der
1246 349 1481 391 Akademie
1513 349 1586 390 der
1606 348 1798 390 Wissen-

198 437 393 478 schaften
414 450 465 476 zu
486 434 704 476 Mfinchen
728 432 856 487 1866,
889 431 927 487 I)
959 447 1000 486 p.
1022 431 1105 473 502
1128 436 1217 484 sqq.
1241 429 1424 484 Magnae
1451 429 1591 469 autem
1623 428 1799 468 lacunae

197 515 430 557 Bernensis
461 513 731 569 pergamenis
763 511 934 553 insertis
967 526 1017 552 ex
1048 510 1130 550 alio
1163 508 1306 550 codice
1335 508 1555 562 suppletae
1576 509 1695 548 sunt:
1728 506 1800 561 qui

201 609 297 637 cum
324 595 452 650 plane
483 594 675 635 diuersus
707 593 761 634 sit
792 607 816 633 a
845 591 1076 632 uetustiore
1097 588 1425 643 Bambergensi,
1458 602 1554 628 eum
1585 587 1728 627 littera
1749 585 1799 639 G,

196 689 251 716 ne
294 687 376 729 qua
416 673 609 715 confusio
647 674 856 725 oreretur,
904 658 1231 725 significandum
1254 695 1256 697 >
1277 667 1536 721 putauimus.
1606 665 1648 706 Is
1693 665 1801 706 liber

197 737 389 809 proxime
411 753 573 795 accedit
599 752 651 793 ad
672 751 1006 808 Ambrosianum
1027 749 1066 804 I,
1099 762 1355 803 quamquam
1377 760 1426 788 eo
1452 745 1587 787 multo
1619 744 1803 786 deterior

199 835 284 888 est,
318 834 390 875 sed
420 835 595 888 propter
625 847 717 874 eam
749 830 1072 872 similitudinem
1102 829 1212 869 hanc
1242 827 1372 868 habet
1401 825 1652 879 utilitatem,
1689 824 1802 879 quod

199 914 245 955 in
267 913 420 980 xmultis
452 913 581 966 locis,
613 912 658 953 111
689 911 841 966 quibus
873 910 998 951 lectio
1030 909 1191 963 primae
1212 921 1363 948 manus
1385 905 1661 947 Ambrosiani
1682 919 1802 946 erasa

200 995 244 1034 et
263 982 352 1035 eius
374 993 468 1034 1000
491 991 676 1033 deterior
696 991 765 1032 uel
796 990 1053 1044 interpolata
1074 988 1247 1029 inducta
1269 989 1351 1041 est,
1385 1001 1435 1027 ex
1458 985 1603 1027 codice
1626 984 1663 1026 G
1686 988 1801 1025 certo

199 1075 272 1114 aut
308 1072 588 1128 probabiliter
619 1070 821 1112 constitui
859 1071 1021 1124 potest,
1063 1067 1164 1123 quid
1202 1067 1246 1108 in
1277 1065 1563 1113 Ambrosiano
1597 1064 1803 1119 scriptum

198 1152 338 1194 fuerit.
368 1151 475 1193 Rem
496 1151 557 1193 ita
578 1165 622 1193 se
642 1150 799 1192 habere
820 1149 925 1190 illud
947 1149 1202 1190 documento
1226 1149 1301 1201 est,
1324 1145 1437 1201 quod
1458 1145 1503 1186 in
1523 1144 1636 1186 haud
1656 1143 1802 1199 paucis

199 1232 325 1287 locis,
364 1232 409 1273 in
448 1232 599 1286 quibus
637 1230 821 1286 uestigia
860 1229 1022 1270 incerta
1058 1228 1219 1284 primae
1250 1241 1400 1267 manus
1439 1226 1485 1266 in
1515 1224 1802 1266 Ambrosiano

200 1312 337 1353 adhuc
368 1313 615 1366 supersunt,
648 1325 717 1352 eas
748 1310 861 1364 ipsas
894 1309 1144 1363 scripturas,
1177 1321 1280 1362 quas
1313 1305 1627 1348 Studemundus
1659 1303 1802 1345 addito

201 1392 495 1448 interrogandi
534 1391 658 1446 signo
699 1406 749 1432 ex
779 1388 1056 1430 Ambrosiani
1094 1388 1231 1442 prima
1260 1402 1389 1428 manu
1421 1385 1721 1440 exscripserat,
1759 1385 1805 1425 in

200 1471 509 1527 Bambergensi
536 1470 573 1512 G
605 1470 858 1512 inuenimus.
911 1469 1134 1510 Praeterea
1164 1466 1424 1508 monendum
1456 1467 1520 1507 est
1549 1479 1624 1519 per
1656 1478 1804 1505 omnes

200 1554 363 1606 partes,
396 1566 500 1606 quae
532 1566 581 1592 ex
612 1550 820 1591 Bernensi
851 1549 1087 1602 descriptae
1119 1548 1238 1600 sunt,
1279 1546 1483 1588 lectiones
1516 1545 1805 1599 discrepantes

202 1646 253 1672 ex
283 1632 366 1672 alio
399 1631 543 1672 codice
584 1631 628 1671 111
658 1629 967 1685 Bambergensi
1005 1627 1232 1681 inscriptas
1264 1641 1375 1667 esse:
1415 1639 1518 1680 quas
1550 1639 1805 1679 quamquam

201 1711 557 1752 uerisimillimum
578 1711 745 1751 uidetur
767 1724 816 1750 ex
838 1709 986 1750 eodem
1009 1708 1171 1761 codice,
1204 1722 1255 1748 ex
1277 1720 1358 1761 quo
1386 1706 1562 1747 lacunae
1584 1705 1805 1759 suppletae

202 1792 320 1845 sunt,
361 1791 571 1846 originem
602 1790 790 1843 duxisse,
827 1792 990 1842 tamen,
1031 1803 1126 1830 011111
1164 1787 1244 1828 hae
1284 1786 1488 1827 lectiones
1519 1799 1649 1826 manu
1678 1785 1804 1839 plane

202 1871 369 1912 diuersa
407 1871 459 1912 ab
490 1885 558 1924 ea,
598 1885 723 1924 quam
760 1870 902 1910 littera
934 1868 970 1910 G
1002 1867 1358 1924 significauimus,
1390 1866 1572 1920 scriptae
1603 1864 1701 1919 sint,
1735 1879 1804 1905 eas

200 1966 290 1992 11011
322 1951 469 1992 eodem
501 1950 645 2005 signo,
679 1950 751 1991 sed
782 1950 925 1990 littera
955 1949 982 1989 b
1013 1947 1308 1989 iudicauimus.
1361 1946 1470 1988 Cum
1501 1946 1642 1986 autem
1673 1944 1806 1985 altera

202 2046 298 2085 pars
345 2030 675 2085 Bambergensis
723 2045 773 2071 ex
818 2028 1026 2071 Bernensi
1074 2027 1285 2082 descripta
1332 2027 1405 2080 sit,
1452 2026 1657 2067 lectiones
1702 2038 1803 2066 uero

203 2126 353 2152 manus
378 2110 586 2152 secundae
616 2110 668 2151 ad
695 2109 1001 2164 praestantiam
1022 2107 1295 2149 Ambrosiani
1324 2121 1413 2147 11011
1441 2106 1664 2159 accedant,
1697 2105 1805 2146 liber

202 2206 291 2232 non
322 2191 381 2232 ita
401 2205 605 2246 magnum
635 2190 820 2245 pretium
850 2189 1046 2242 haberet,
1079 2188 1113 2228 si
1136 2186 1446 2228 Ambrosianus
1469 2185 1607 2227 adhuc
1637 2186 1805 2241 integer

204 2273 333 2325 esset,
366 2271 573 2312 maximus
604 2272 668 2311 est
697 2273 838 2311 autem
866 2270 954 2311 eius
986 2283 1085 2310 usus
1117 2268 1161 2308 in
1192 2267 1275 2308 illis
1306 2266 1518 2321 partibus,
1551 2280 1657 2320 quae
1689 2268 1730 2307 et
1761 2265 1805 2306 111

202 2351 486 2392 Ambrosiano
510 2353 552 2391 et
572 2351 616 2391 in
637 2350 845 2391 Bernensi
868 2349 1040 2402 desunt,
1063 2348 1108 2389 in
1130 2347 1281 2401 quibus
1303 2346 1633 2401 Bambergensis
1656 2345 1744 2386 siue
1767 2344 1805 2386 G

204 2431 395 2472 0011110111
427 2430 620 2471 codicum
652 2430 779 2485 longe
812 2432 875 2471 est
907 2429 1112 2483 optimus,
1146 2428 1198 2468 cf.
1222 2441 1327 2481 quae
1359 2427 1408 2467 de
1440 2426 1602 2473 lacunis
1627 2425 1804 2466 extremi

205 2511 354 2565 capitis
386 2511 483 2552 libri
514 2510 597 2551 XII
628 2510 673 2551 111
704 2510 805 2550 11001
836 2509 971 2550 musei
1002 2507 1199 2549 Rhenani
1230 2507 1313 2548 001.
1347 2506 1495 2547 XXIII
1525 2521 1564 2560 p.
1598 2505 1680 2547 218
1713 2519 1802 2559 sqq.

206 2592 487 2645 exposuimus.
1561 2591 1565 2595 ”

320 2671 541 2712 Praeterea
579 2671 629 2711 ad
677 2686 746 2712 eas
795 2672 957 2725 partes,
1004 2669 1049 2710 111
1097 2668 1248 2722 quibus
1287 2682 1376 2709 non
1413 2668 1540 2708 notae
1580 2668 1680 2707 sunt
1720 2665 1804 2706 nisi

207 2751 438 2804 scripturae
479 2751 669 2791 codicum
705 2750 794 2791 AG
834 2752 905 2791 aut
944 2749 1074 2790 solius
1107 2750 1144 2789 (j
1184 2762 1412 2802 eorumque
1452 2746 1658 2800 familiae,
1699 2745 1804 2786 duos

207 2830 337 2870 libros
370 2831 536 2870 saeculo
569 2830 647 2871 XV
680 2830 860 2884 scriptos
893 2829 1180 2882 adhibuimus,
1221 2827 1728 2883 Argentoratensem
1765 2827 1807 2866 et

207 2909 250 2950 M
263 2924 592 2950 onacensom.
645 2910 726 2950 sed
757 2909 908 2950 horum
940 2909 1146 2950 librorum
1178 2908 1404 2949 collatione
1435 2906 1544 2947 nihil
1573 2906 1661 2947 fere
1691 2904 1805 2946 aliud

209 2989 403 3031 effectum
426 2991 490 3030 est
521 3004 645 3044 quam
667 2991 714 3029 ut
745 2989 893 3030 (locere
925 3004 1144 3044 possemus
1155 3022 1166 3044 ,
1198 2988 1269 3028 ubi
1301 2987 1462 3041 aliquot
1491 2986 1701 3040 locorum,
1734 2985 1805 3040 qui

949 3113 965 3123 a
