1939 3228
801 133 864 162 lx.
905 129 939 174 4,
958 129 1107 160 5—16.
1676 113 1752 155 171

156 241 230 281 dos
262 238 481 292 adhibent,
523 251 617 278 cum
649 235 848 277 bellicum
887 236 952 276 est
991 233 1230 275 canendum
1262 233 1305 273 et
1336 245 1431 272 cum
1468 229 1608 285 posito
1639 242 1754 284 genu

157 305 485 363 supplicandum
516 306 593 359 est,
625 318 705 346 nec
734 302 846 344 idem
887 303 1108 357 signorum
1140 302 1371 342 concentus
1403 299 1468 340 est
1497 296 1754 353 procedente

159 376 212 417 ad
242 374 448 430 proelium
481 373 684 427 exercitu,
717 371 829 412 idem
859 370 1050 425 receptui
1082 383 1267 411 carmen.
1325 365 1608 423 Pythagoreis
1641 365 1755 406 certe
1772 354 1823 394 12

123 489 125 491 ,
158 443 286 486 moris
316 443 412 497 fuit,
447 444 490 484 et
521 456 616 483 cum
648 439 948 496 euigilassent,
983 438 1145 479 animos
1177 437 1228 478 ad
1260 437 1397 492 lyram
1428 435 1635 488 excitare,
1674 447 1756 488 quo

124 530 138 553 ,π
159 513 302 553 essent
347 511 398 552 ad
444 510 658 566 agendum
697 508 944 561 erectioreS,
991 509 1032 548 et
1071 520 1166 547 cum
1209 519 1404 547 somnum
1442 503 1662 558 peterent,
1704 500 1757 542 ad

159 580 336 622 eandem
377 579 501 635 prius
538 578 674 620 lenire
719 578 884 618 mentes
895 609 905 630 ,
947 577 1018 629 ut,
1066 574 1101 615 si
1142 573 1242 629 quid
1280 573 1433 614 fuisset
1470 570 1756 612 turbidiorum

160 650 492 705 cogitationum,
542 647 859 701 componerent.
941 643 1089 699 quodsi
1134 642 1322 683 numeris
1369 655 1417 681 ac
1465 639 1600 680 modis
1645 639 1824 680 inest13

159 717 367 773 qualedam
397 717 530 758 tacita
561 716 640 769 uis,
672 715 718 755 in
750 713 942 755 oratione
965 727 1013 754 ea
1037 709 1427 762 uehementissima,
1463 709 1756 762 quantumque

159 787 358 839 interest,
403 799 550 826 sensus
594 784 707 835 idem
751 782 904 837 quibus
943 780 1083 822 uerbis
1129 779 1352 830 efferatur,
1397 778 1588 829 tantum,
1627 775 1758 816 uerba

111 872 141 896 ιο
161 855 309 896 eadem
329 868 412 909 qua
435 851 741 908 compositione
772 851 839 892 uel
871 849 917 891 in
947 850 1068 890 textu
1098 847 1334 902 iungantur
1366 844 1434 886 uel
1464 844 1510 885 in
1539 843 1624 885 fine
1648 843 1758 884 clau-

161 923 340 964 dantur:
378 936 479 963 nam
518 919 726 975 quaedam
758 921 799 960 et
830 917 1056 960 sententiis
1087 929 1220 971 parua
1253 916 1295 955 et
1326 913 1562 955 elocutione
1593 911 1759 953 modica

160 991 296 1033 uirtus
334 989 441 1031 haec
480 989 569 1030 sola
610 987 892 1030 commendat.
954 985 1136 1040 denique
1176 983 1287 1038 quod
1329 983 1478 1037 cuique
1508 981 1647 1022 uisum
1678 979 1761 1021 erit
1777 979 1828 1020 14

164 1059 450 1113 uehementer,
482 1057 682 1111 dulciter,
717 1055 906 1111 speciose
938 1054 1113 1107 dictum,
1147 1052 1287 1093 soluat
1319 1053 1361 1092 et
1390 1050 1555 1091 turbet:
1608 1048 1762 1090 abierit

163 1129 300 1170 omnis
339 1127 425 1181 uis,
468 1125 732 1178 iucunditas,
775 1124 914 1165 decor.
977 1122 1104 1163 soluit
1142 1119 1350 1176 quaedam
1389 1134 1464 1160 sua
1503 1118 1548 1159 in
1581 1117 1761 1159 Oratore

115 1213 144 1237 15
166 1197 332 1239 Cicero:
375 1209 542 1250 neque
572 1208 647 1235 me
680 1192 906 1234 diuitiae
938 1192 1171 1243 mouent,
1205 1188 1394 1243 quibus
1426 1187 1590 1228 omnis
1621 1184 1762 1227 Afri-

166 1279 327 1307 canos
367 1265 422 1305 et
458 1262 669 1304 Laelios
710 1261 862 1303 multi
902 1258 1165 1301 uenalicii
1211 1257 1639 1310 mercatoresque
1686 1269 1764 1295 su-

161 1341 429 1387 perarunt.
491 1337 691 1373 immuta
731 1333 1009 1382 paululum,
1054 1335 1104 1368 ut
1141 1330 1205 1367 sit
1247 1328 1415 1366 ‘multi
1451 1330 1764 1375 superarum

165 1410 472 1444 mercatores
503 1398 892 1453 uenaliciique’
934 1399 974 1438 et
1005 1394 1272 1450 insequentis
1314 1393 1514 1447 deinceps
1546 1391 1761 1446 periodos:

165 1485 269 1527 quas
291 1470 327 1511 si
359 1470 411 1511 ad
441 1469 561 1510 illum
592 1467 761 1509 modum
792 1466 951 1519 turbes,
984 1464 1102 1505 uelut
1132 1463 1269 1504 fracta
1303 1468 1374 1503 aut
1404 1463 1648 1502 transuersa
1678 1459 1765 1501 tela

115 1556 148 1580 20
167 1534 410 1595 proieceris.
452 1537 565 1579 idem
588 1535 777 1591 corrigit,
810 1549 916 1590 quae
940 1549 964 1574 a
986 1531 1181 1574 Graccho
1205 1530 1437 1585 composita
1459 1529 1603 1570 durius
1626 1530 1763 1583 putat.
1784 1528 1834 1570 15

166 1608 287 1650 illum
319 1608 463 1648 decet:
505 1619 579 1646 uos
610 1605 690 1645 hac
722 1618 866 1645 sumus
898 1602 1150 1657 probatione
1184 1599 1398 1652 contenti,
1439 1597 1550 1653 quod
1588 1597 1634 1638 in
1666 1596 1767 1638 scri-

167 1677 326 1730 bendo,
368 1690 475 1730 quae
507 1688 550 1715 se
582 1673 704 1715 nobis
743 1672 947 1713 solutiora
986 1669 1255 1720 obtulerunt,
1298 1667 1603 1722 componimus.
1666 1665 1767 1720 quid

168 1745 282 1787 euim
314 1744 472 1785 attinet
503 1756 647 1784 eorum
678 1740 871 1795 exempla
893 1752 1110 1794 quaerere,
1144 1751 1250 1792 quae
1283 1736 1364 1777 sibi
1386 1736 1562 1790 quisque
1585 1734 1767 1789 experiri

168 1812 343 1869 potest?
382 1811 486 1853 illud
524 1812 695 1852 notasse
737 1809 841 1850 satis
879 1807 1036 1861 liabeo,
1077 1820 1160 1861 quo
1200 1804 1444 1860 pulchriora
1484 1806 1527 1845 et
1567 1817 1693 1844 sensu
1727 1804 1769 1843 et

117 1898 149 1922 211
170 1881 407 1923 elocutione
439 1878 696 1931 dissolueris,
730 1877 810 1918 hoc
842 1876 1078 1917 orationem
1109 1873 1246 1929 magis
1269 1873 1501 1914 deformem
1532 1872 1637 1925 fore,
1671 1871 1768 1926 quia

169 1948 445 2005 neglegentia
478 1946 784 1989 conlocationis
815 1946 909 2000 ipsa
939 1944 1165 1985 uerborum
1190 1942 1281 1983 luce
1304 1940 1648 1996 deprehenditur.
1692 1940 1836 1980 ita-16

169 2032 249 2073 que
279 2019 328 2058 ut
358 2016 580 2069 confiteor,
614 2013 750 2070 paene
779 2013 976 2055 ultimam
1006 2011 1245 2053 oratoribus
1277 2012 1413 2051 artem
1436 2008 1769 2063 compositionis,

170 2100 277 2141 quae
315 2085 485 2140 quidem
530 2083 723 2139 perfecta
763 2083 839 2135 sit,
890 2080 1143 2135 contigisse,
1191 2080 1251 2120 ita
1291 2078 1375 2119 illis
1414 2091 1580 2132 quoque
1618 2076 1769 2131 priscis

263 2157 373 2212 1512.
400 2158 453 2216 10,
480 2179 555 2210 2232.

264 2262 279 2290 1
298 2238 471 2290 *Bellicum
495 2258 536 2296 A,
563 2255 697 2288 bellum
724 2257 743 2286 S
812 2224 893 2286 ‘est
919 2255 953 2285 S:
981 2255 1012 2284 is
1029 2251 1120 2293 A¹G,
1148 2252 1203 2283 his
1221 2253 1285 2282 Ma
1380 2251 1594 2293 compositio
1614 2251 1651 2290 G,
1681 2260 1771 2281 com-

173 2305 334 2346 positoG
360 2314 451 2335 corr.
479 2308 512 2334 el
535 2303 600 2333 MS
695 2308 819 2343 genu*
844 2301 884 2339 A,
913 2309 1029 2341 genus
1055 2300 1092 2338 G,
1121 2308 1256 2339 genere
1282 2298 1344 2327 MS
1415 2298 1434 2327 2
1461 2299 1658 2328 contentus
1684 2295 1771 2326 A¹M

262 2351 282 2380 4
309 2352 345 2380 et
371 2359 449 2380 cuin
473 2349 503 2378 A
526 2349 559 2379 in
583 2358 654 2378 ras.
750 2345 953 2378 euilassent
978 2344 1016 2375 G¹
1112 2343 1274 2374 excitare
1300 2343 1329 2372 A
1354 2343 1385 2372 z'n
1411 2352 1480 2373 ras.
1508 2342 1649 2372 exitare
1676 2343 1703 2371 G

173 2405 242 2436 quo
268 2404 305 2425 a:
333 2393 426 2435 quod
450 2392 528 2429 AG,
556 2393 618 2434 qui
643 2395 674 2431 S,
703 2391 788 2433 quid
813 2392 849 2421 M
941 2391 960 2421 6
987 2389 1229 2421 turuidiorum
1253 2386 1309 2428 A¹,
1338 2387 1578 2428 tiirpidiorum
1604 2387 1701 2418 GMS

172 2442 192 2472 8
219 2450 263 2472 ea
290 2438 422 2470 Badius
447 2438 549 2477 (idem
575 2448 619 2469 ea
645 2440 702 2469 est
727 2435 897 2477 tentans):
924 2446 965 2467 eo
991 2435 1084 2472 libri,
1119 2437 1174 2465 est
1198 2442 1218 2468 ς
1360 2435 1399 2464 10
1425 2433 1460 2463 in
1487 2435 1590 2463 textu
1615 2433 1695 2463 AG:
1734 2431 1770 2461 in

173 2486 274 2518 exitu
299 2485 361 2515 MS
454 2484 514 2515 uel
541 2483 609 2514 fine
636 2484 732 2514 GMS
828 2483 868 2513 15
895 2491 1014 2521 neque
1040 2481 1119 2511 MS:
1149 2481 1193 2510 ni
1219 2489 1310 2520 quae
1336 2478 1411 2512 AG.
1438 2479 1501 2509 sed
1525 2479 1568 2508 na
1586 2478 1614 2508 A
1641 2482 1673 2507 in
1698 2487 1769 2507 ras.

264 2540 389 2561 omnes
416 2530 492 2561 edd.
610 2529 650 2560 16
677 2531 712 2560 et
737 2539 799 2560 one.
824 2528 959 2558 AGMS
1076 2524 1200 2556 uenali
1223 2524 1226 2565 Ι
1251 2525 1293 2555 cs]
1321 2525 1362 2564 G,
1389 2523 1574 2554 uenalium
1602 2525 1633 2563 S,
1661 2532 1772 2553 uena.-

172 2577 223 2608 lia
248 2577 283 2606 M
377 2578 674 2616 mercatoresque
701 2575 920 2614 superarunt
945 2590 985 2593 —
1011 2588 1055 2592 ——
1081 2573 1301 2612 superarunt
1326 2573 1547 2600 mercatores
1579 2567 1772 2599 uenalicii-

174 2620 260 2663 que]
287 2623 337 2653 sic
360 2623 548 2662 suppletum
574 2624 624 2651 est
649 2621 683 2650 in
708 2620 785 2650 edd.
805 2617 974 2650 ueteribus
992 2628 1037 2648 ex
1055 2616 1231 2654 Cicerone,
1257 2619 1552 2655 mercatoresque
1574 2613 1771 2654 uenalique

176 2667 411 2708 (uenaliaque
439 2664 580 2705 GMsa)
615 2665 693 2697 libri
716 2665 845 2696 omissis
869 2663 1003 2702 mediis,
1035 2665 1333 2702 mercatoresque
1360 2663 1581 2700 superarunt
1612 2659 1690 2691 edd.
1716 2669 1769 2689 re—

175 2714 362 2747 centiores,-
387 2717 422 2743 at
447 2722 513 2753 qua
536 2710 706 2752 probabili
730 2710 864 2741 ratione
891 2707 1121 2749 explicabitur
1145 2708 1228 2739 illud
1252 2704 1448 2746 uenalique
1475 2716 1521 2736 ex
1545 2705 1688 2736 lectione
1715 2713 1771 2733 su-

175 2761 350 2800 perarunt
368 2762 562 2798 corruptum
579 2757 676 2788 esse?
764 2756 804 2786 18
830 2755 1068 2794 insequentes
1094 2753 1221 2783 GMSa
1315 2753 1354 2782 19
1374 2759 1462 2791 quos
1488 2752 1553 2788 Sa,
1582 2749 1703 2791 qua'g'P)
1730 2747 1772 2788 A,

176 2815 244 2845 quo
271 2804 340 2834 GM
455 2802 650 2843 perturbes
673 2802 708 2831 Μ
733 2806 765 2832 ec
790 2801 872 2833 dett.
990 2800 1033 2830 ‘20
1058 2798 1093 2829 id
1120 2800 1136 2829 (Ἰ
1156 2800 1193 2837 G,
1221 2797 1256 2828 id
1284 2800 1340 2828 est
1366 2797 1384 2826 S
1501 2795 1654 2836 corrigit
1680 2805 1772 2835 quae

179 2861 199 2880 a
225 2849 362 2890 gracho
379 2849 408 2878 A
433 2849 466 2879 in
492 2859 560 2879 ras.
587 2849 675 2885 m.2,
705 2847 875 2888 corrgss'q.
904 2855 925 2875 a
951 2854 1084 2885 graeco
1103 2845 1141 2881 G,
1171 2842 1322 2884 corrigit
1340 2841 1433 2883 quod
1461 2852 1481 2872 a
1509 2851 1617 2882 greco
1639 2841 1671 2880 S,
1698 2842 1773 2871 ilem

177 2896 222 2933 M,
250 2895 311 2925 sed
335 2895 406 2925 sine
433 2893 526 2934 quod
620 2894 660 2923 21
689 2892 800 2923 Simus
826 2892 909 2923 dett.
1003 2891 1045 2920 23
1073 2898 1206 2930 quaere
1232 2889 1259 2918 G
1353 2887 1424 2918 sibi
1449 2887 1478 2917 A
1503 2888 1535 2917 in
1561 2896 1631 2917 ras.
1715 2895 1773 2915 ex-

179 2939 297 2981 pediri
323 2941 342 2970 S
434 2940 476 2969 -24
503 2938 594 2969 abeo
612 2936 718 2968 A¹GS
813 2947 880 2977 quo
899 2936 928 2965 A
952 2946 979 2967 s.
1006 2937 1025 2965 l.
1052 2933 1146 2974 quod
1164 2934 1198 2964 Μ
1291 2932 1473 2973 pulcriora
1491 2933 1518 2962 G
1610 2932 1651 2962 28
1679 2940 1771 2972 quae

179 2984 323 3025 quidem
349 2983 533 3025 Spalclz'ngy:
560 2994 631 3025 qua
657 2982 700 3014 de
725 2981 861 3014 AGMS
886 2981 962 3022 (secl
984 2981 1013 3011 A
1040 2990 1106 3021 qua
1131 2980 1190 3019 de)
1286 2988 1427 3021 quoque
1454 2988 1515 3010 om.
1542 2979 1595 3008 S'r
