1939 3228
17 2953 24 3115 ’,ο-φ.
13 2788 16 2842 -μ
9 2720 14 2755 ,-

73 868 104 893 10

74 1207 104 1231 15

72 1547 104 1572 '20

125 2010 166 2048 et

712 146 810 176 vm.
867 144 901 189 23,
942 143 1113 175 ss1-71,
1655 133 1704 175 81

124 250 231 290 citur
261 248 348 298 illa,
383 262 506 302 quam
540 262 740 288 conamur
771 247 1019 302 exprimere,
1050 248 1195 302 facies,
1227 249 1274 288 ut
1304 249 1368 288 est
1398 246 1508 301 apud
1530 247 1710 287 eundem

123 317 323 371 (namque
365 315 416 356 ad
448 315 636 356 omnium
666 315 847 355 ornandi
878 316 1082 356 uirtutum
1113 314 1351 369 exemplum
1388 314 1456 355 uel
1486 329 1595 355 unus
1626 315 1711 355 suf-

122 384 229 439 ficit)
262 384 306 424 in
339 383 623 437 descriptione
656 382 841 424 conuiuii
862 382 1086 424 luxuriosi:
1117 382 1336 424 uidebar
1365 382 1546 424 uidere
1577 382 1710 423 alios

122 451 409 505 intrantis,
443 450 578 491 alios
610 452 780 491 autem
812 450 1079 504 exeuntis,
1122 450 1363 505 quosdam
1396 465 1453 491 ex
1480 450 1606 491 111110
1626 465 1711 491 ua-

125 518 391 572 cillantis,
432 517 680 572 quosdam
718 517 973 558 hesterna
1013 533 1068 559 ex
1099 518 1378 572 potatione
1410 518 1709 559 oscitantis.

122 586 306 626 humus
339 587 453 627 erat
481 585 751 638 inmunda,
784 584 1056 626 lutulenta
1087 586 1230 639 uino,
1265 586 1473 627 coronis
1503 584 1712 640 langui-

123 652 261 693 dulis
302 655 352 693 et
389 653 558 706 spinis
599 654 851 706 coo-perta
889 653 1126 707 piscium.
1188 653 1286 708 quid
1325 653 1418 708 plus
1450 652 1613 694 uideret
1643 653 1778 707 quiGT

122 720 356 761 intrasset?
405 720 464 761 sic
497 722 539 761 et
568 720 736 760 urbium
768 722 989 775 captarum
1021 721 1173 762 crescit
1193 721 1421 762 miseratio.
1473 720 1565 761 sine
1587 720 1712 761 dubio

123 788 236 829 enim
267 789 337 843 qui
368 788 471 828 dicit
502 790 794 842 expugnatam
825 803 914 829 esse
947 789 1187 842 ciuitatem,
1229 788 1525 842 complectitur
1555 788 1710 842 omnia,

123 870 408 913 quaecumque
438 855 535 896 talis
566 855 738 896 fortuna
768 856 934 910 recipit,
968 856 1039 896 sed
1070 856 1115 896 in
1145 856 1336 896 adfectus
1357 856 1496 896 minus
1516 858 1713 910 penetrat

121 924 263 965 breuis
294 924 362 965 hic
392 923 510 964 uelut
540 923 729 964 nuntius.
791 926 836 964 at
873 923 907 963 si
947 924 1112 978 aperias
1151 924 1276 978 haec,
1318 939 1425 978 quae
1463 923 1592 965 uerbo
1629 938 1714 964 uno
1728 927 1780 968 68

124 991 286 1033 inclusa
317 993 452 1045 erant,
484 991 751 1045 apparebunt
782 991 935 1032 effusae
967 1006 1042 1045 per
1073 991 1218 1032 domus
1251 1006 1300 1032 ac
1330 991 1488 1046 templa
1519 991 1714 1033 flammae

123 1061 164 1099 et
194 1060 407 1100 ruentium
438 1061 646 1100 tectorum
676 1059 823 1113 fragor
854 1061 896 1100 et
927 1074 975 1100 ex
1005 1059 1182 1100 diuersis
1206 1059 1457 1101 clamoribus
1488 1075 1595 1101 unus
1627 1060 1714 1115 qui-

124 1127 220 1167 dam
251 1141 395 1181 sonus7
430 1127 605 1167 aliorum
637 1126 742 1181 fuga
772 1126 949 1180 incerta,
983 1127 1053 1168 alii
1086 1129 1272 1168 extremo
1305 1128 1524 1182 complexu
1546 1143 1715 1169 suorum

124 1194 396 1236 cohaerentes
435 1197 477 1236 et
516 1194 745 1235 infantium
785 1194 1122 1249 feminarumque
1152 1195 1341 1249 ploratus
1373 1200 1415 1237 et
1444 1196 1553 1237 male
1583 1211 1714 1251 usque

122 1263 166 1303 in
198 1262 316 1303 illum
348 1263 457 1304 diem
489 1262 645 1303 seruati
676 1261 764 1302 fato
796 1277 938 1304 senes:
970 1265 1061 1303 tum
1089 1263 1163 1304 illa
1184 1264 1460 1318 profanorum
1482 1267 1782 1309 sacrorum-69

124 1345 203 1385 que
244 1330 445 1385 direptio,
493 1330 756 1371 efferentium
797 1330 976 1384 praedas
1015 1331 1381 1386 repetentiumque
1420 1332 1631 1373 discursus
1673 1335 1715 1374 et

124 1399 206 1439 acti
239 1400 338 1439 ante
370 1413 488 1439 suum
520 1397 695 1452 quisque
734 1398 993 1452 praedonem
1033 1399 1218 1443 catenati
1257 1402 1299 1440 et
1339 1402 1491 1441 conata
1530 1400 1714 1442 retinere

122 1466 333 1507 infantem
365 1481 485 1507 suum
515 1468 652 1506 mater
683 1467 737 1520 et,
779 1466 912 1507 sicubi
943 1467 1078 1507 maius
1110 1467 1271 1508 lucrum
1304 1470 1367 1508 est
1376 1500 1387 1521 7
1427 1482 1573 1523 pugna
1604 1468 1716 1510 inter

122 1533 318 1575 uictores.
370 1534 470 1575 licet
501 1533 613 1574 enim
644 1532 749 1574 haec
780 1534 935 1588 omnia,
967 1536 1015 1575 ut
1036 1535 1134 1589 dixi,
1170 1535 1473 1589 complectatur
1504 1536 1713 1590 eeuersio'7

123 1600 262 1642 minus
295 1603 359 1642 est
387 1603 533 1642 tamen
563 1603 700 1642 totum
732 1601 870 1642 dicere
901 1616 1027 1655 quam
1049 1603 1203 1644 onmia.
1248 1617 1552 1658 consequemur
1573 1606 1714 1645 autem
1729 1608 1783 1650 70

122 1671 170 1709 ut
200 1669 428 1710 manifesta
459 1669 546 1710 sint
557 1702 567 1723 7
609 1670 643 1709 si
673 1668 834 1710 fuerint
864 1670 953 1710 ueri
987 1670 1160 1725 similia,
1202 1673 1244 1712 et
1274 1671 1418 1712 licebit
1449 1672 1577 1713 etiam
1606 1672 1714 1713 falso

124 1736 339 1791 adfingere
371 1736 571 1791 quidquid
601 1736 693 1777 fieri
725 1736 844 1778 solet.
889 1738 1103 1793 contingit
1134 1739 1279 1780 eadem
1312 1739 1482 1781 claritas
1515 1740 1641 1781 etiam
1665 1755 1715 1781 ex

124 1804 411 1846 accidentibus
425 1820 433 1845 ;

929 1874 1055 1915 1111111
1087 1875 1323 1930 frigidus
1354 1875 1538 1917 horror

178 1940 405 1981 membra
434 1940 612 1994 quatit
642 1940 955 1996 gelidusque
987 1943 1093 1983 coit
1122 1943 1407 1984 formidine
1439 1944 1675 1999 sanguis.
1757 1933 1775 1942 ⁸

276 2076 516 2129 trepidae
547 2078 740 2117 matres
772 2091 1015 2130 pressere
1046 2078 1109 2119 ad
1138 2081 1357 2133 pectora
1386 2082 1556 2121 natos.

126 2146 251 2197 atque
281 2143 404 2184 11111115
443 2158 630 2185 summae
668 2144 823 2185 iudicio
862 2145 1031 2200 quidem
1068 2160 1160 2187 meo
1199 2147 1370 2188 uirtutis
1407 2147 1612 2188 facillima
1651 2149 1776 2194 estTl

75 2223 90 2247 3
127 2211 215 2252 uia:
247 2213 443 2252 naturam
472 2212 727 2266 intueamur,
760 2212 872 2254 lianc
903 2228 1140 2268 sequamur.
1182 2216 1319 2256 omnis
1341 2215 1582 2270 eloquentia
1604 2214 1715 2256 circa

214 2330 244 2360 3.
275 2338 317 2359 ex
343 2328 418 2359 Cic.
446 2338 495 2359 or.
523 2338 585 2369 pro
612 2328 746 2360 Gallio.
840 2330 893 2360 25.
922 2330 1012 2360 Aen.
1039 2331 1070 2369 3,
1099 2331 1152 2361 29.
1248 2330 1302 2361 28.
1330 2330 1376 2362 ib.
1404 2331 1435 2370 7,
1462 2331 1538 2362 518.

216 2431 232 2460 1
261 2429 384 2461 eodem
410 2430 435 2460 B
463 2427 567 2469 (cm-r.
592 2428 627 2470 b)
727 2432 746 2461 3
774 2430 919 2460 conuiui
944 2429 1006 2460 AB
1120 2432 1139 2460 4
1166 2431 1340 2462 intrantis
1367 2449 1408 2452 »ᾖ
1435 2431 1644 2463 uacillantis
1670 2449 1711 2453 —-

126 2474 318 2506 oscitantis
341 2473 386 2505 A:
413 2475 593 2506 intrantes
618 2492 660 2496 -—-
685 2473 908 2506 uacillantes
935 2493 973 2497 —
1003 2476 1204 2507 oscitantes
1228 2476 1355 2510 BMa3
1481 2479 1601 2507 autem
1626 2477 1655 2507 A
1680 2482 1712 2508 et

131 2519 248 2550 Victor·
273 2519 364 2559 (ilem
391 2520 515 2562 Aquila
540 2520 631 2551 Rom.
659 2520 677 2558 ἓ
704 2518 761 2559 2).·
787 2530 871 2551 uero
896 2520 962 2561 133,
991 2531 1051 2552 om.
1075 2522 1111 2550 M
1211 2526 1385 2552 exeuntes
1412 2522 1489 2552 libri
1603 2523 1622 2552 6
1648 2522 1710 2552 1111-

126 2564 254 2596 mundo
272 2565 301 2595 A
401 2566 418 2596 7
444 2564 588 2596 uiderat
612 2565 646 2594 M
753 2565 773 2595 8
801 2566 1070 2605 quintrassetA
1163 2566 1214 2597 510
1243 2570 1278 2597 et
1302 2568 1437 2597 Πίσων.-
1466 2570 1501 2596 et
1526 2577 1585 2598 om.
1612 2568 1710 2598 codd.

127 2609 234 2647 Quint.
327 2610 490 2641 uerbium
513 2611 534 2640 b
653 2612 691 2640 10
717 2611 856 2651 recepit
880 2610 921 2641 A¹
1040 2610 1206 2642 adfectus
1230 2612 1255 2641 B
1281 2616 1313 2642 et
1344 2612 1480 2643 Victor:
1506 2611 1711 2643 adfectibus

125 2654 220 2684 AMb
312 2658 478 2697 penetrat
493 2657 545 2694 Bg
640 2656 678 2685 12
704 2655 871 2686 inclausa
889 2656 951 2685 AB
1034 2657 1251 2698 apparebunt
1275 2657 1416 2695 effusae
1435 2657 1463 2687 A
1546 2661 1581 2688 et
1606 2657 1710 2688 fusae

126 2698 194 2744 ¹BM
284 2699 405 2731 domos
431 2702 504 2734 eod.
535 2700 683 2731 Vin-loris
766 2702 805 2731 13
833 2704 868 2731 ct
893 2712 953 2733 om.
978 2700 1019 2730 A¹
1116 2712 1157 2733 ex
1183 2713 1241 2733 mn.
1268 2703 1331 2732 Mb
1415 2702 1621 2743 fragoribus
1639 2703 1709 2741 Ab,

129 2743 356 2785 srangoribus
380 2746 416 2774 M
515 2747 555 2775 14
581 2755 688 2776 sonus
716 2745 854 2783 [sonum
881 2745 929 2784 M)
957 2745 1106 2777 aliorum
1133 2757 1241 2777 sonus
1266 2748 1329 2777 Mb
1356 2744 1464 2787 (unus
1490 2765 1530 2768 —
1558 2747 1712 2778 aliorum

127 2788 155 2817 A
178 2790 210 2819 in
236 2800 302 2821 ras.
328 2790 439 2830 habet)
535 2790 600 2821 alii
628 2791 662 2820 in
691 2794 777 2821 extr.
809 2790 937 2831 compl.
965 2801 1108 2821 suorum
1135 2792 1330 2823 haerentes
1358 2792 1500 2823 Meister
1609 2794 1650 2824 15
1675 2796 1712 2824 et

128 2832 219 2872 (ante
245 2832 324 2876 inf.)
349 2846 409 2867 om.
435 2836 463 2865 A
564 2834 657 2865 malo
684 2835 831 2866 Bur-man
924 2845 1037 2876 usque
1065 2837 1101 2866 in
1128 2836 1227 2867 illum
1253 2837 1375 2869 ABM:
1409 2837 1444 2867 in
1470 2836 1571 2868 illum
1596 2847 1711 2878 usque

127 2879 200 2908 edd.
228 2885 366 2911 recenti.
484 2882 522 2911 18
550 2881 647 2911 actio
672 2881 692 2910 b
814 2881 937 2921 quique
962 2882 991 2910 A
1109 2882 1146 2912 19
1173 2884 1291 2923 pugna
1316 2882 1341 2912 B
1456 2883 1498 2913 ‘23
1524 2883 1712 2923 continget

134 2922 249 2954 Victor
339 2927 382 2956 24
408 2925 670 2957 accedentibus
687 2925 712 2954 B
804 2926 846 2956 28
869 2926 952 2964 fort.
979 2929 1012 2956 et
1039 2926 1205 2967 trepidae
1231 2932 1263 2958 ut
1290 2932 1341 2958 ext
1363 2928 1457 2968 apud
1479 2927 1659 2967 Verslilz'zmz

128 2968 169 2998 29
194 2978 327 3001 summo
351 2971 386 3000 M
477 2972 520 3002 30
545 2970 775 3001 intuebamur
799 2969 869 3000 A¹b

195 3026 371 3064 QUINTJL.
394 3026 449 3058 ed.
470 3027 594 3058 Hmm.
620 3026 764 3059 V01.11.
1421 3029 1440 3059 6
