1955 3228
126 869 157 893 10

128 1207 158 1231 15

127 1546 158 1571 20

803 136 868 165 111.
924 134 954 178 1,
980 132 1130 164 4-17.
1679 120 1754 160 121

174 243 216 282 et
246 240 480 282 orationem
512 239 671 294 primus
703 237 892 278 omniun]
923 236 1107 290 scripsit,
1142 237 1184 276 et
1214 235 1348 276 nihilo
1379 235 1518 274 minus
1551 235 1592 274 et
1624 234 1757 273 artem

173 309 262 363 ipse
294 309 529 362 composuit
558 309 601 347 et
629 320 705 360 pro
737 319 780 346 se
811 303 965 344 dixisse
996 304 1153 357 optime
1184 305 1248 344 est
1279 302 1483 355 creditus,
1525 301 1651 342 etiam
1682 300 1759 340 Po-

173 377 369 431 lycrates,
404 391 427 415 a
459 389 540 429 quo
562 374 764 427 scriptam
785 371 831 412 in
853 362 1056 412 Socraten
1078 371 1258 411 diximus
1289 364 1536 422 orationem,
1570 370 1611 409 et
1626 367 1757 408 Theo*

175 443 299 484 dorus
322 442 569 497 Byzantius,
603 455 652 482 ex
683 440 734 481 iis
766 440 807 480 et
836 439 938 492 ipse,
971 451 1073 492 quos
1095 437 1216 478 Plato
1239 437 1427 491 appellat
1447 435 1755 491 logodaedalos.

173 511 324 552 horum
353 509 479 565 primi
512 507 744 550 communis
771 507 884 547 locos
905 507 1111 546 tractasse
1133 505 1330 546 dicuntur
1351 504 1622 558 Protagoras,
1656 502 1826 544 Gor-12

175 579 282 634 giaS⁷
316 578 507 619 adfectus
536 576 739 618 Prodicus
772 576 814 615 et
843 573 1024 627 Hippias
1057 574 1099 613 et
1128 572 1238 613 idem
1269 572 1526 626 Protagoras
1557 572 1599 612 et
1628 570 1758 611 Thra-

179 646 416 700 symachus.
469 644 615 687 Oicero
653 644 698 684 in
728 641 861 682 Bruto
892 642 1025 696 negat
1056 642 1156 680 ante
1186 639 1376 680 Periclea
1407 639 1610 692 scriptum
1642 638 1757 692 quid-

179 728 319 769 quam,
343 713 453 768 quod
475 714 672 753 ornatum
695 708 925 750 oratorium
946 708 1123 748 habeat:
1147 708 1234 748 eius
1257 707 1397 761 aliqua
1418 707 1533 747 ferri.
1568 705 1759 760 equidem

179 796 266 822 non
296 780 460 835 reperio
491 779 725 834 quidquam·
748 778 872 818 tanta
903 775 1166 830 eloquentiae
1204 775 1318 816 fama
1351 774 1546 828 dignum,
1587 773 1760 826 ideoque

176 849 315 889 minus
346 848 476 888 miror
506 860 609 900 esse,
643 844 714 900 qui
744 843 852 886 nihil
883 844 936 884 ab
968 857 1015 884 eo
1047 843 1252 896 scriptum
1279 845 1444 896 putent,
1477 841 1582 882 haec
1604 842 1758 893 autem,

176 930 283 970 quae
312 915 523 968 feruntur7
556 914 609 954 ab
641 911 734 952 aliis
766 926 855 952 esse
879 911 1122 965 composita.
1174 910 1240 950 his
1263 924 1500 951 successere
1521 908 1657 961 multi,
1690 908 1761 948 sed
1779 908 1827 948 13

178 983 433 1024 clarissimus
472 981 657 1036 Gorgiae
696 979 935 1020 auditorum
971 978 1202 1032 Isocrates,
1249 992 1502 1032 quamquam
1547 976 1597 1016 de
1642 990 1760 1030 prae-

179 1052 346 1104 ceptore
378 1050 466 1090 eius
498 1050 610 1090 inter
641 1050 833 1089 auctores
862 1062 951 1088 ron
991 1047 1210 1087 conuenit:
1250 1060 1326 1086 nos
1363 1047 1509 1085 tamen
1540 1043 1761 1084 Aristoteli

178 1118 397 1160 credimus.
456 1117 558 1157 hinc
594 1115 712 1156 uelut
749 1115 940 1156 diuersae
978 1115 1113 1155 secari
1153 1115 1383 1167 coeperunt
1422 1113 1529 1153 uiae.
1589 1126 1689 1152 nam
1721 1110 1829 1152 et14

175 1185 376 1227 Isocratis
407 1183 764 1239 praestantissimi
795 1183 991 1237 discipuli
1021 1182 1195 1223 fuerunt
1224 1181 1270 1222 in
1302 1181 1416 1221 omni
1438 1180 1671 1221 studiorum
1692 1194 1761 1234 ge-

176 1267 296 1294 nere:
337 1267 467 1307 eoque
504 1253 589 1292 iam
627 1251 790 1292 seniore
829 1250 1043 1304 (octauum
1082 1250 1195 1291 enim
1233 1256 1273 1290 et
1303 1248 1658 1302 nonagensimum
1688 1247 1762 1287 im-

176 1321 309 1375 pleuit
340 1320 518 1374 annum)
551 1318 893 1373 postmeridianis
915 1317 1069 1359 scholis
1091 1316 1345 1358 Aristoteles
1365 1317 1609 1370 praecipere
1631 1317 1763 1355 artem

176 1388 406 1429 oratoriam
438 1387 577 1441 coepit
606 1388 707 1426 noto
738 1385 906 1440 quidem
936 1385 1028 1439 illo,
1068 1387 1115 1425 ut
1143 1384 1328 1425 traditur
1338 1417 1348 1437 7
1389 1398 1513 1424 uersu
1544 1398 1593 1424 ex
1625 1382 1762 1423 Philo-

178 1458 290 1497 cteta
310 1455 554 1509 frequenter
574 1468 693 1494 usus:
720 1455 878 1507 vturpe
911 1467 1021 1494 esse
1051 1455 1230 1493 tacere
1262 1454 1311 1492 et
1342 1451 1618 1492 Isocraten
1649 1451 1763 1505 pati

178 1524 365 1564 dicere.
426 1537 493 1562 ars
533 1524 595 1563 est
631 1521 870 1575 utriusque7
911 1521 983 1562 sed
1013 1520 1201 1574 pluribus
1241 1534 1332 1560 eam
1362 1518 1481 1559 libris
1513 1518 1764 1559 Aristoteles

180 1591 419 1645 complexus
451 1592 526 1630 est.
581 1589 725 1630 eodem
756 1591 944 1643 tempore
975 1587 1234 1628 Theodectes
1265 1587 1349 1627 fuit
1359 1619 1368 1639 ,
1410 1586 1460 1627 de
1492 1586 1608 1627 cuius
1639 1600 1763 1640 opere

178 1673 304 1713 supra
337 1659 495 1699 dictum
527 1659 604 1698 est.
663 1655 980 1710 Theophrastus
1018 1669 1200 1710 quoque,
1242 1653 1484 1695 Aristotelis
1516 1653 1760 1707 discipulus,
1781 1654 1831 1694 15

178 1726 227 1767 de
258 1726 466 1766 rhetorice
498 1725 726 1779 diligenter
757 1724 926 1778 scripsit
936 1757 946 1776 7
988 1725 1113 1776 atque
1144 1721 1245 1762 hinc
1276 1721 1342 1762 uel
1374 1721 1600 1762 studiosius
1630 1721 1762 1775 philo-

179 1793 299 1848 sophi
330 1808 457 1848 quam
487 1793 676 1833 rhetores
706 1791 1014 1845 praecipueque
1046 1790 1282 1831 Stoicorum
1315 1804 1363 1830 ac
1384 1789 1764 1843 Peripateticorum

127 1884 159 1907 κῆ
178 1861 404 1915 principes.
455 1860 559 1901 fecit
589 1859 738 1900 deinde
768 1859 887 1899 uelut
916 1858 1131 1913 propriam
1160 1856 1447 1911 Hermagoras
1479 1856 1606 1909 uiam,
1639 1871 1764 1910 quam
1782 1861 1831 1901 16

178 1928 349 1982 plurimi
381 1929 481 1968 sunt
511 1927 656 1980 secuti,
689 1927 755 1967 cui
785 1926 967 1966 maxime
989 1940 1066 1979 par
1088 1927 1212 1979 atque
1236 1925 1423 1965 aemulus
1445 1923 1612 1965 uidetur
1633 1923 1764 1964 Athe-

178 2010 308 2036 naeus
338 1996 482 2036 fuisse.
534 1995 667 2035 multa
699 1996 795 2047 post
817 1993 1068 2047 Apollonius
1099 1992 1256 2045 Molon7
1288 1992 1420 2032 multa
1452 1992 1600 2044 Areus,
1632 1992 1764 2032 multa

180 2062 387 2104 Caecilius
427 2064 469 2103 et
498 2061 850 2102 Halicarnasseus
889 2061 1132 2115 Dionysius.
1191 2060 1416 2113 praecipue
1454 2061 1598 2099 tamen
1638 2059 1681 2099 in
1721 2057 1829 2104 se*17

269 2157 300 2188 4.
325 2155 411 2187 ibid.
439 2166 472 2196 p.
499 2154 564 2185 26ss
589 2154 631 2187 E.
749 2155 778 2184 7.
807 2164 836 2184 c.
865 2155 895 2193 7,
922 2155 974 2186 27.
1095 2154 1146 2184 18.
1174 2162 1301 2184 uersus
1326 2151 1513 2193 Euripidis
1539 2155 1578 2182 ut
1604 2152 1762 2190 uidetur3

182 2201 229 2233 cf.
255 2200 332 2232 Cic.
359 2200 401 2231 de
429 2200 530 2231 Orat.
559 2201 590 2239 3,
618 2200 672 2238 35,
699 2199 773 2232 141.

272 2281 288 2310 l
317 2282 353 2309 et
379 2283 493 2310 artem
519 2279 596 2320 ipse
622 2280 665 2309 A:
696 2281 810 2310 artem
837 2280 872 2309 et
898 2278 974 2319 ipse
1001 2279 1025 2308 B
1134 2279 1152 2308 2
1179 2277 1376 2318 policrates
1401 2277 1426 2306 B
1535 2277 1555 2306 4
1580 2276 1764 2307 bizantius

172 2324 268 2363 ‘ABg
359 2324 415 2354 his
440 2324 469 2354 A
576 2322 838 2365 legodacdalos
863 2323 915 2363 Bg
941 2326 1006 2354 Im.
1033 2324 1125 2363 apud
1149 2323 1323 2353 Plalonem
1348 2326 1397 2352 esc
1422 2322 1602 2360 sinyularis·
1628 2321 1668 2351 (le
1693 2322 1764 2350 solu

186 2369 381 2402 leeoclorm
406 2369 449 2408 cf.
480 2368 598 2409 Spalsl.
626 2374 659 2400 et
684 2369 840 2400 Meisterz·
864 2373 1008 2409 quaes-lt.
1037 2368 1074 2406 Q.
1096 2368 1125 2404 I,
1146 2370 1164 2398 (i
1257 2369 1276 2398 5
1303 2376 1511 2397 comumnes
1537 2367 1590 2395 Ba
1683 2375 1762 2405 gor*

182 2414 261 2453 gias
289 2413 441 2444 affectus
468 2413 637 2453 prodicus
663 2413 809 2455 hippias
837 2417 872 2443 et
897 2413 990 2444 idem
1016 2417 1230 2454 protagoras
1257 2413 1362 2452 (prot.
1390 2414 1425 2441 ct
1450 2410 1511 2449 ab)
1546 2410 1763 2440 trasimacus

180 2460 219 2497 A,
246 2459 320 2489 ilem
345 2459 377 2498 b,
404 2458 465 2488 sed
490 2459 521 2489 in
547 2459 608 2489 lzoc
634 2458 788 2489 affectus
814 2468 955 2497 erasum,
982 2460 1128 2499 gorgias
1155 2456 1322 2498 prodicus
1342 2459 1377 2486 et
1396 2454 1675 2494 thrasymachus
1692 2455 1717 2484 B

180 2505 200 2535 8
226 2504 303 2534 eius
330 2503 454 2543 aliqua
481 2504 567 2534 ferri
588 2513 655 2544 pro
679 2505 876 2544 glossemate
901 2503 1000 2534 hahet
1024 2504 1072 2536 ll.
1092 2503 1189 2534 Nolle
1216 2503 1247 2532 z'n
1267 2502 1384 2532 Plzilol.
1404 2502 1457 2536 21,
1479 2502 1546 2530 307
1637 2500 1656 2530 9
1683 2510 1761 2540 rep-

180 2548 278 2589 perio
304 2549 340 2586 Β,
369 2549 636 2589 reppe1·io****
662 2549 690 2578 A
783 2551 907 2579 tantae
932 2549 972 2588 A,
997 2550 1060 2580 secl
1085 2558 1102 2578 e
1128 2549 1159 2579 ἱη
1178 2558 1246 2578 ras.
1357 2547 1396 2576 13
1423 2548 1543 2575 tamen
1569 2545 1614 2576 A:
1642 2547 1761 2575 autem

180 2594 235 2627 Βς
346 2595 386 2623 11
413 2597 586 2634 ceperunt
611 2594 640 2623 A
732 2603 814 2623 nani
841 2598 873 2623 et
898 2593 1062 2624 isocratis
1087 2594 1113 2623 A
1142 2593 1236 2632 (nam
1264 2591 1369 2623 isocr.
1396 2589 1475 2629 ΑΨ)
1586 2591 1625 2619 14)·
1652 2599 1761 2619 nona-

180 2638 380 2679 gensimum
405 2638 449 2668 A:
478 2640 750 2679 nonagesimum
776 2638 860 2673 Bag
999 2640 1038 2669 17
1066 2635 1362 2678 postmeridianis
1387 2635 1466 2664 AB:
1500 2634 1762 2674 pomeridianis

179 2684 465 2727 compluresjedd.
583 2683 689 2714 scolis
713 2684 742 2713 A
858 2684 898 2713 18
931 2683 1029 2724 cepit
1053 2683 1104 2721 Bg
1219 2680 1421 2721 philotecta
1445 2679 1497 2717 Bg
1613 2680 1652 2709 19
1678 2689 1763 2710 usus

181 2731 283 2770 turpe
317 2728 398 2758 AB:
435 2729 582 2759 mlzlilnm
614 2729 646 2758 in
677 2738 779 2768 many.
812 2728 864 2767 Bg
894 2733 970 2768 post
1004 2738 1106 2758 usus:
1145 2733 1465 2757 Aicxroxricoimx
1502 2732 1760 2755 icoKrAnNnAN

182 2781 321 2812 ΛεΤειΝ,
350 2775 368 2803 ι’.
399 2784 425 2805 e.
453 2770 602 2813 uicxpov
629 2773 771 2804 (ιωπᾱν
792 2771 998 2813 Ἰεοκρὰτην
1024 2772 1056 2804 δ’
1073 2770 1137 2802 ἐᾶν
1157 2769 1274 2808 λέγειν
1303 2768 1374 2807 <alii
1392 2766 1612 2809 κίεοκράτην
1631 2767 1695 2799 ἐᾶν
1714 2768 1760 2807 λ.)

272 2828 351 2849 esse
379 2828 414 2849 sc
442 2822 562 2849 tacere
589 2828 609 2848 a
724 2819 766 2848 ‘2¹2
792 2817 1025 2859 theoprastus
1052 2818 1081 2846 A
1194 2818 1235 2845 23
1263 2814 1467 2855 philosophi
1493 2814 1572 2843 AB:
1605 2813 1763 2854 philoso-

181 2863 288 2904 phiae
314 2864 362 2893 ab
469 2864 512 2893 ‘24
537 2863 692 2894 rhetoris
718 2863 757 2900 A,
786 2862 983 2893 rhetorices
1009 2872 1030 2891 a
1137 2861 1178 2890 26
1205 2859 1379 2890 atheneus
1405 2859 1465 2889 AB
1581 2860 1622 2889 27
1650 2859 1763 2889 fuisse

181 2907 293 2938 multa
317 2908 346 2938 A
371 2911 402 2938 in
428 2919 496 2940 ras,
589 2908 791 2949 opollonius
816 2907 845 2937 A
960 2908 1001 2937 28
1027 2905 1304 2936 haliearnaseus
1329 2904 1354 2934 B
1463 2903 1653 2943 dionysius
1677 2904 1706 2933 A
1730 2905 1762 2934 in

181 2962 250 2983 ras.
276 2952 462 2993 dyonisius
486 2953 511 2983 B
