1955 3228
89 839 118 863 lo

90 1178 121 1201 15

91 1517 124 1542 20

97 2193 129 2218 30

101 2533 132 2555 :55

506 91 508 94 ’
564 107 612 137 11.
644 103 678 145 8,
707 102 840 136 8—15,
872 103 906 148 τ),
934 102 1052 132 1-3.
1088 83 1140 146 10,
1167 99 1276 132 1-4,
1662 88 1716 128 89

128 215 275 268 doque,
307 225 484 266 quorum
515 210 691 263 utroque
724 207 954 248 certamine
984 206 1117 247 isdem
1147 205 1293 246 diebus
1325 202 1621 255 coronabatur,
1654 200 1717 241 in-

129 282 302 322 uictum.
355 281 396 320 et
416 278 586 332 ‘quanto
608 276 650 318 id
670 275 808 329 magis
829 274 1008 314 oratoris
1030 274 1163 315 futuri
1184 272 1390 326 magistro
1412 269 1717 324 prouidendum
1736 267 1785 308 15

131 348 242 390 erit?
291 362 377 389 11011
409 346 521 387 0111111
553 344 656 386 satis
688 344 752 384 est
782 342 920 383 dicere
951 356 1092 395 presse
1124 342 1292 381 tantum
1321 340 1395 380 aut
1416 337 1626 379 subtiliter
1646 337 1720 377 aut

132 430 291 470 aspere,
322 429 410 456 non
440 412 576 467 magis
608 425 734 466 quam
763 410 981 464 phonasco
1013 409 1148 449 acutis
1178 409 1348 448 tantum
1379 408 1452 447 aut
1476 405 1624 446 mediis
1647 405 1720 444 aut

133 483 335 539 grauibus
367 481 481 523 sonis
513 482 585 521 aut
614 481 763 520 horum
794 477 922 518 etiam
953 476 1172 531 particulis
1205 474 1422 516 excellere.
1481 488 1580 514 nam
1612 473 1721 525 sicut

135 551 320 604 cithara,
361 550 421 590 ita
460 548 595 590 oratio
634 546 824 604 perfecta
861 559 948 586 non
986 546 1069 597 est,
1109 543 1191 584 nisi
1232 542 1285 583 ab
1316 542 1399 583 imo
1431 542 1483 583 ad
1513 554 1721 582 summum

134 619 327 662 omnibus
360 618 528 659 intenta
559 615 701 656 neruis
734 613 987 655 consentiat.

248 685 325 728 IX.
378 685 505 726 Plura
537 684 586 724 de
617 682 757 724 officio
788 680 1031 722 docentium
1060 679 1224 718 locutus
1255 677 1483 730 discipulos
1522 676 1563 717 id
1594 691 1724 716 111111111

137 754 309 796 interim
340 767 502 805 moneo,
534 758 581 792 ut
610 750 906 805 praeceptores
938 762 1033 788 suos
1055 761 1141 787 11011
1163 745 1303 785 minus
1325 760 1451 798 quam
1472 745 1564 798 ipsa
1586 743 1725 784 studia

139 824 284 863 ament
314 823 356 861 et
386 821 586 875 parentes
618 832 706 859 esse
737 832 824 858 11011
854 816 1022 870 quidem
1055 828 1288 868 corporum,
1321 812 1392 853 sed
1413 812 1618 853 mentium
1641 826 1725 851 cre-

138 890 254 930 dant.
314 888 493 928 multum
525 887 630 927 11300
660 886 797 940 pietas
831 884 1020 925 conferet
1051 882 1210 923 studio:
1249 896 1349 922 nam
1380 881 1441 921 ita
1471 882 1514 921 et
1543 878 1764 920 libenter?

139 956 312 997 audient
343 957 385 996 et
415 954 538 995 dictis
571 954 744 994 credent
774 955 816 994 et
847 966 936 992 esse
968 950 1126 991 similes
1167 949 1490 1003 concupiscent,
1531 948 1576 988 111
1615 947 1726 1001 ipsos

139 1024 317 1078 denique
351 1024 491 1064 coetus
523 1021 762 1062 scholarum
792 1020 894 1061 laeti
925 1018 1168 1072 alacresque
1201 1018 1476 1057 conuenient:
1515 1014 1727 1056 emendati

138 1106 226 1133 11011
256 1091 507 1143 irascentur,
539 1089 699 1130 laudati
732 1087 990 1143 gaudebunt,
1024 1088 1069 1127 ut
1102 1086 1187 1126 sint
1210 1083 1415 1125 carissimi
1438 1083 1575 1124 studio
1597 1097 1727 1123 mere-

140 1160 312 1200 buntur.
364 1173 464 1199 nam
495 1159 541 1198 ut
571 1156 740 1197 illorum
770 1155 958 1196 officium
990 1156 1053 1195 est
1075 1154 1236 1206 docere,
1270 1152 1330 1193 sic
1358 1151 1505 1191 horum
1528 1150 1728 1204 praebere
1742 1149 1767 1188 3

140 1242 183 1268 se
215 1227 391 1268 dociles:
425 1225 580 1279 alioqui
613 1226 811 1265 neutrum
842 1223 933 1263 sine
965 1222 1097 1262 altero
1129 1220 1301 1261 sufficit.
1346 1222 1385 1259 et
1407 1219 1517 1259 sicut
1547 1217 1728 1258 hominis

140 1297 256 1336 ortus
279 1310 327 1335 ex
350 1296 526 1347 utroque
549 1291 821 1347 gignentium
844 1290 1061 1331 confertur
1082 1291 1124 1330 et
1144 1289 1303 1329 frustra
1325 1286 1529 1341 sparseris
1551 1285 1727 1339 semina,

139 1363 221 1404 nisi
253 1362 326 1403 illa
356 1361 646 1416 praemollitus
676 1359 832 1400 fouerit
862 1358 1023 1399 sulcus:
1056 1358 1116 1398 ita
1139 1356 1380 1410 eloquentia
1404 1355 1637 1395 coalescere
1658 1367 1729 1393 ne-

141 1430 232 1485 quit
262 1430 345 1471 nisi
376 1430 538 1470 sociata
569 1427 777 1468 tradentis
810 1426 1140 1480 accipientisque
1172 1423 1410 1465 concordia.

256 1498 306 1538 X.
360 1498 411 1538 111
442 1497 508 1538 his
539 1496 687 1550 primis
719 1495 928 1549 operibus,
962 1509 1069 1549 quae
1100 1508 1187 1533 non
1218 1493 1310 1546 ipsa
1341 1505 1471 1544 parua
1503 1491 1617 1542 sunt,
1659 1489 1731 1529 sed

143 1566 350 1607 maiorum
382 1565 501 1619 quasi
522 1564 713 1605 membra
737 1565 860 1617 atque
883 1564 1040 1616 partes,
1074 1562 1181 1601 bene
1204 1560 1401 1600 instituto
1424 1573 1470 1598 ac
1493 1557 1595 1598 satis
1618 1571 1731 1597 exer-

145 1634 275 1675 citato
306 1633 388 1674 iam
421 1633 509 1673 fere
540 1634 708 1685 tempus
741 1631 914 1684 adpetet
945 1628 1220 1684 adgrediendi
1259 1626 1467 1667 suasorias
1499 1624 1731 1665 iudiciales-

144 1716 222 1756 que
254 1701 472 1741 materias:
506 1714 682 1754 quarum
714 1701 942 1753 antequam
972 1698 1085 1737 uiam
1116 1695 1348 1750 ingredior,
1382 1708 1517 1748 pauca
1547 1692 1652 1733 mihi
1683 1692 1732 1732 de

143 1770 236 1823 ipsa
257 1768 421 1809 ratione
444 1767 710 1809 declamandi
732 1766 911 1807 dicenda
933 1768 1045 1818 sunt,
1081 1779 1187 1818 quae
1210 1763 1377 1817 quidem
1399 1764 1445 1802 ut
1468 1775 1516 1801 ex
1538 1760 1733 1800 omnibus

94 1854 120 1865 τ’
144 1837 371 1878 nouissime
402 1837 591 1889 inuenta,
623 1835 684 1876 ita
714 1835 845 1875 multo
878 1836 942 1874 est
972 1833 1212 1874 utilissima.
1266 1845 1366 1871 nam
1398 1832 1439 1870 et
1469 1829 1622 1869 cuncta
1643 1827 1773 1880 illast

145 1905 195 1945 de
225 1904 376 1959 quibus
408 1904 601 1957 diximus,
635 1903 679 1943 in
712 1918 755 1943 se
786 1904 873 1943 fere
897 1901 1089 1942 continet
1117 1902 1158 1940 et
1180 1898 1351 1940 ueritati
1374 1897 1609 1951 proximam
1632 1896 1733 1935 ima-

146 1973 289 2027 ginem
320 1972 476 2025 reddit,
517 1972 692 2025 ideoque
730 1971 791 2011 ita
830 1972 892 2010 est
925 1968 1155 2020 celebrata,
1195 1970 1241 2007 ut
1280 1966 1489 2020 plerisque
1523 1964 1735 2004 uideretur

147 2041 198 2081 ad
228 2040 494 2081 formandam
526 2038 810 2093 eloquentiam
842 2037 907 2077 uel
939 2036 1027 2077 sola
1049 2035 1255 2076 sufficere.
1299 2048 1435 2088 neque
1458 2032 1571 2073 enim
1601 2021 1745 2071 uirtus*

146 2107 232 2148 ulla
263 2109 492 2162 perpetuae
524 2108 743 2148 dumtaxat
774 2104 977 2145 orationis
1009 2102 1184 2157 reperiri
1226 2103 1385 2156 potest,
1428 2115 1533 2155 quae
1565 2114 1651 2139 11011
1682 2099 1737 2139 sit

149 2190 243 2217 cum
273 2175 355 2216 hac
386 2175 550 2216 dicendi
574 2174 847 2215 meditatione
872 2171 1119 2213 communis.
1163 2184 1209 2210 00
1231 2170 1399 2224 quidem
1421 2183 1486 2209 res
1508 2168 1589 2208 ista
1614 2165 1774 2220 culpa3

148 2243 389 2284 docentium
420 2242 608 2295 reccidit,
642 2244 689 2282 ut
720 2241 832 2282 inter
862 2240 1133 2294 praecipuas,
1166 2253 1272 2292 quae
1306 2237 1623 2289 corrmnperent
1655 2234 1735 2274 elo-

149 2311 381 2365 quentiam,
415 2325 561 2350 causas
592 2309 765 2350 licentia
787 2311 913 2362 atque
934 2307 1105 2348 inscitia
1127 2305 1455 2346 declamantium
1477 2302 1618 2343 fuerit.
1665 2301 1735 2341 sed

151 2393 211 2431 eo,
251 2378 359 2432 quod
390 2378 542 2418 natura
574 2377 732 2417 bonum
763 2379 846 2429 est,
886 2376 993 2416 bene
1025 2375 1086 2414 nti
1118 2374 1229 2414 licet.
1292 2373 1380 2413 sint
1410 2385 1509 2425 ergo
1541 2371 1582 2410 et
1621 2367 1776 2421 ipsael

151 2446 365 2498 materiae,
397 2454 503 2498 quae
525 2445 755 2498 fingentur,
780 2459 905 2497 quam
928 2442 1167 2482 simillimae
1189 2440 1374 2491 ueritati,
1409 2441 1450 2478 et
1470 2436 1734 2486 declamatio,

151 2514 195 2554 in
227 2514 433 2567 quantum
472 2512 654 2552 maxime
692 2513 851 2564 potest,
891 2510 1081 2550 imitetur
1119 2524 1188 2549 eas
1229 2507 1437 2559 actiones,
1478 2505 1522 2545 in
1561 2517 1736 2558 quarum

244 2619 259 2648 1
288 2617 401 2648 isdem
428 2617 506 2646 AB:
533 2615 660 2646 iisdem
687 2622 707 2649 ς
833 2615 851 2645 7
879 2614 1096 2645 consentiat.
1146 2613 1209 2642 DE
1237 2608 1430 2641 OFFICIO
1458 2606 1736 2639 DISCIPULO-

152 2662 255 2694 RUM
281 2663 341 2693 AB
435 2664 455 2693 8
481 2660 611 2692 officiis
630 2661 655 2691 B
748 2658 783 2690 id
801 2659 848 2690 A:
876 2660 912 2689 in
930 2659 954 2689 B
1049 2661 1068 2690 9
1096 2658 1211 2687 minus
1236 2657 1264 2685 A
1290 2657 1308 2685 1
1323 2666 1362 2685 m.
1381 2655 1415 2684 in
1432 2664 1500 2684 ras.
1596 2653 1633 2682 ll
1655 2661 1737 2682 con-

155 2708 264 2739 fertB
360 2709 399 2739 13
427 2707 640 2746 alacresque
659 2706 706 2735 A:
734 2704 876 2735 alacres
894 2705 931 2743 B,
960 2707 995 2734 ct
1022 2703 1163 2733 alacres
1189 2704 1231 2732 al.
1328 2701 1367 2730 16
1394 2697 1556 2738 alioquin
1581 2698 1602 2727 b
1697 2696 1737 2726 18

154 2752 290 2784 fuderit
312 2753 340 2783 A
436 2753 475 2783 19
502 2752 570 2782 nisi
594 2752 634 2781 A*
717 2747 922 2789 concordia]
951 2750 1101 2789 seqnilm·
1126 2748 1156 2777 in
1183 2746 1244 2776 AB
1270 2746 1403 2776 titulae:
1435 2743 1489 2773 De
1515 2742 1675 2773 utilitate
1703 2743 1738 2771 et

154 2798 295 2829 ratione
322 2796 565 2830 declamandi,
659 2796 698 2825 21
729 2805 771 2825 ac
799 2794 888 2825 satis
907 2795 980 2825 Ab:
1011 2796 1118 2832 atque
1138 2792 1162 2821 B
1256 2792 1297 2820 ‘22
1324 2791 1472 2830 appetet
1489 2789 1517 2818 A
1609 2788 1652 2817 ⁵24
1678 2786 1736 2816 (10-

155 2842 337 2874 clamandi
363 2842 502 2873 ratione
522 2842 546 2871 B
640 2841 681 2870 25
707 2841 852 2870 inuenta
870 2839 898 2868 A
992 2841 1033 2867 ao
1060 2836 1162 2877 culpa
1180 2836 1204 2865 B
1299 2836 1337 2865 31
1367 2833 1519 2865 reccidit
1536 2833 1578 2863 B:
1607 2830 1739 2862 recidit

154 2887 221 2924 Ab,
247 2888 291 2927 cf,
312 2888 357 2919 ad
374 2889 404 2923 4,
424 2890 455 2927 1,
474 2888 527 2917 51.
549 2888 578 2921 0,
600 2888 631 2920 3,
653 2887 696 2915 32
790 2883 1002 2924 praecipuas
1019 2881 1047 2911 A
1140 2882 1181 2912 3-1
1201 2880 1365 2911 ueritatis
1383 2880 1426 2919 A3
1452 2877 1601 2909 ueritati
1621 2877 1739 2907 Via-cm·

156 2944 284 2974 quoque
309 2932 407 2963 habet
432 2943 458 2962 c.
479 2934 534 2967 25,
550 2942 583 2972 l).
604 2932 679 2966 2145,
701 2931 762 2965 JJIJ
788 2929 831 2969 cf.
857 2928 949 2968 infra
974 2926 996 2967 S
1015 2929 1056 2957 12
