1939 3228
655 128 697 155 V.
745 125 777 168 o,
802 124 925 155 3-6.
976 124 1009 167 7,
1034 123 1159 154 1—8.
1616 113 1694 152 221

121 228 288 269 tabulas
332 242 497 282 pugna:
547 242 647 268 nam
693 230 734 268 et
777 227 914 267 minus
960 226 1171 267 obstitisse
1212 225 1376 266 uidetur
1416 225 1548 279 pudor
1587 225 1698 265 inter

121 309 277 349 paucos
308 295 545 349 signatores
577 298 618 335 et
647 309 723 349 pro
754 294 991 335 diffidentia
1022 294 1226 348 premitur
1257 293 1461 334 absentia.
1505 293 1537 333 si
1559 306 1697 346 repre-

121 362 368 404 hensionem
407 376 491 403 non
537 362 649 416 capit
688 362 780 416 ipsa
821 375 1018 416 persona,
1064 361 1270 401 infamare
1310 360 1546 415 signatores
1584 360 1696 401 licet.

121 431 251 471 tacita
281 431 500 483 praeterea
530 429 735 483 quaedam
765 429 965 483 cogitatio
995 428 1235 482 refragatur
1265 427 1330 468 his
1352 428 1558 481 omnibus,
1590 427 1736 482 quod?

123 512 245 538 nemo
276 511 350 551 per
380 496 546 537 tabulas
577 497 650 537 dat
678 496 965 537 testimonium
995 495 1078 536 nisi
1116 510 1190 536 sua
1220 494 1457 548 uoluntate,
1498 510 1578 549 quo
1608 495 1698 548 ipso

123 579 207 605 non
239 579 327 606 esse
359 564 539 605 amicum
571 565 608 604 ei
639 579 695 617 se,
729 567 875 605 contra
896 578 1017 618 quem
1040 563 1153 616 dicit,
1186 562 1357 603 fatetur.
1399 576 1534 615 neque
1554 564 1699 602 tamen

122 633 315 686 protinus
348 632 521 673 cesserit
551 633 702 684 orator,
743 645 822 685 quo
852 631 990 671 minus
1023 633 1064 671 et
1095 630 1250 671 amicus
1280 644 1356 684 pro
1387 630 1520 670 amico
1551 631 1593 669 et
1622 629 1698 669 ini-

124 700 257 740 micus
290 702 436 740 contra
467 699 685 740 inimicum
714 699 848 753 possit
877 713 1036 751 uerum,
1069 697 1103 738 si
1134 698 1302 751 integra
1333 697 1387 737 sit
1418 696 1456 737 ei
1484 696 1607 749 fides,
1641 696 1698 736 di-

125 781 229 807 cere.
282 767 351 807 sed
383 766 467 808 late
498 767 612 807 locus
642 769 816 820 uterque
846 768 1066 807 tractatur.

72 849 102 873 ιο
237 833 340 876 Cum
371 834 664 888 praesentibus
694 848 792 875 uero
822 833 974 888 ingens
1006 833 1220 873 dimicatio
1251 833 1333 883 est,
1373 831 1546 885 ideoque
1584 830 1737 874 uelut3

122 901 278 955 duplici
310 904 456 942 contra
487 915 556 942 eos
586 915 742 955 proque
773 901 824 941 iis
856 901 944 941 acie
975 900 1218 955 confligitur
1249 899 1461 940 actionum
1500 902 1541 939 et
1570 898 1698 939 inter-

121 969 402 1023 rogationum.
461 969 507 1008 in
539 969 774 1009 actionibus
804 968 985 1022 primum
1006 967 1262 1023 generaliter
1282 981 1357 1020 pro
1378 966 1554 1007 testibus
1576 969 1699 1020 atque

121 1036 166 1076 in
196 1036 316 1076 testis
348 1036 430 1077 dici
461 1035 579 1076 solet.
632 1039 674 1076 et
702 1036 771 1076 hic
804 1035 1036 1076 communis
1058 1035 1186 1088 locus,
1221 1049 1312 1075 cum
1335 1048 1432 1088 pars
1455 1033 1587 1074 altera
1609 1034 1740 1077 nul-4

122 1103 204 1143 lam
225 1103 451 1144 firmiorem
472 1103 764 1157 probationem
786 1118 875 1144 esse
900 1103 1130 1156 contendit,
1154 1117 1278 1157 quam
1296 1116 1400 1156 quae
1418 1102 1473 1142 sit
1483 1101 1700 1141 hominum

74 1187 104 1211 15
124 1171 301 1211 scientia
332 1171 444 1224 nixa,
477 1171 607 1212 altera
638 1171 689 1212 ad
720 1171 1022 1212 detrahendam
1052 1170 1135 1211 illis
1157 1170 1280 1210 fidem
1303 1170 1456 1222 omnia,
1489 1184 1563 1223 per
1593 1183 1699 1223 quae

121 1238 211 1278 fieri
243 1238 405 1279 soleant
434 1239 544 1279 falsa
573 1239 832 1292 testimonia,
865 1240 1097 1280 enumerat.
1146 1252 1323 1292 sequens
1354 1238 1461 1278 ratio
1493 1239 1575 1289 est,
1608 1242 1739 1282 0111115

122 1305 361 1360 specialiter
399 1306 582 1360 quidem,
621 1307 693 1347 sed
729 1310 872 1348 tamen
910 1306 1063 1347 multos
1099 1306 1258 1360 pariter
1295 1305 1493 1345 inuadere
1532 1305 1700 1358 patroni

123 1373 272 1414 solent.
332 1388 430 1413 nam
470 1377 511 1414 et
548 1374 739 1428 gentium
778 1374 900 1415 simul
937 1374 1225 1414 uniuersarum
1265 1373 1427 1413 eleuata
1457 1372 1699 1413 testimonia

123 1440 175 1480 ab
206 1441 442 1481 oratoribus
473 1442 626 1482 scimus
658 1444 699 1483 et
729 1445 818 1482 tota
849 1456 1007 1497 genera
1037 1440 1387 1493 testimoniorum,
1429 1443 1476 1480 ut
1507 1440 1556 1480 de
1588 1439 1700 1480 audi-

71 1526 103 1550 ρο
121 1508 328 1548 tionibus:
369 1509 606 1549 nonenim
646 1509 758 1563 ipsos
798 1524 887 1550 esse
924 1511 1052 1549 testes
1064 1542 1074 1562 ,
1116 1507 1187 1548 sed
1224 1507 1504 1548 iniuratorum
1537 1508 1700 1548 adferre

123 1590 258 1629 uoceS,
290 1578 337 1616 ut
366 1576 411 1616 in
443 1577 578 1616 causis
608 1577 950 1630 repetundarum,
983 1576 1054 1630 qui
1083 1590 1125 1616 se
1146 1589 1217 1616 reo
1238 1589 1479 1615 numerasse
1501 1575 1701 1629 pecunias

121 1643 278 1696 iurant,
310 1643 587 1698 litigatorum,
620 1658 706 1685 non
737 1645 908 1685 testium
930 1643 1144 1684 habendos
1164 1643 1268 1684 1000.
1310 1643 1480 1683 interim
1503 1643 1740 1687 aduersusss

123 1710 311 1765 singulos
342 1711 539 1765 dirigitur
571 1712 700 1752 actio:
741 1713 849 1766 quod
887 1711 1180 1752 insectationis
1211 1725 1344 1765 genus
1377 1713 1418 1751 et
1447 1712 1700 1764 permixtum

122 1777 353 1818 defensioni
385 1778 561 1833 legimus
599 1780 643 1820 in
682 1780 941 1820 orationibus
978 1779 1169 1833 plurimis
1201 1782 1242 1818 et
1272 1780 1499 1831 separatim
1530 1778 1700 1832 editum,

71 1864 103 1887 ‘23
122 1846 230 1886 sicut
251 1847 296 1886 in
319 1845 538 1886 Vatinium
559 1849 723 1888 testem.
763 1850 899 1888 totuin
920 1848 1052 1902 igitur
1074 1846 1334 1887 excutiamus
1355 1846 1503 1899 locum,
1535 1846 1700 1900 quando

121 1916 363 1954 uniuersam
393 1914 703 1955 institutionem
726 1915 913 1969 adgressi
936 1929 1089 1956 sumus.
1139 1914 1409 1955 sufficiebant
1430 1914 1584 1967 alioqui
1606 1913 1700 1953 libri
1717 1920 1737 1959 Ῑ

87 2007 91 2009 -
122 1980 201 2021 (1110
232 1996 255 2021 a
276 1981 460 2022 Domitio
482 1982 588 2022 Afro
619 1983 663 2022 in
694 1982 803 2022 hanc
834 1997 922 2023 rem
955 1982 1187 2037 compositi,
1221 1996 1342 2036 quem
1365 1981 1701 2022 adulescentulus
1761 1991 1779 2000 ⁸

122 2063 263 2089 senem
296 2049 417 2102 colui,
449 2052 495 2090 ut
525 2063 611 2090 non
642 2050 751 2091 lecta
782 2049 885 2091 mihi
916 2052 1082 2091 tantum
1113 2064 1175 2103 ea,
1209 2050 1280 2090 sed
1310 2050 1508 2104 pleraque
1541 2064 1590 2090 ex
1611 2050 1701 2103 ipso

122 2116 208 2157 sint
239 2117 422 2171 cognita.
473 2117 509 2157 is
540 2118 756 2158 uerissime
787 2119 1024 2172 praecepit,
1064 2118 1242 2172 primum
1278 2132 1366 2158 esse
1397 2118 1440 2158 in
1473 2117 1551 2157 hac
1582 2120 1702 2171 parte

71 2200 104 2224 30
122 2183 306 2224 officium
335 2185 532 2238 oratoris,
565 2187 613 2225 ut
642 2188 772 2226 totam
806 2200 974 2226 causam
1003 2186 1271 2226 familiariter
1300 2186 1433 2238 norit,
1474 2185 1581 2239 quod
1612 2185 1701 2225 sine

122 2251 247 2291 dubio
278 2251 326 2292 ad
360 2252 501 2292 omnia
531 2253 728 2306 pertinet.
790 2257 833 2293 icl
861 2253 1065 2307 quomodo
1098 2253 1340 2307 contingat,
1383 2253 1738 2306 explicabimus,8

301 2343 316 2363 s

215 2379 229 2407 1
257 2377 423 2408 obtitissc
449 2378 514 2416 Bu,
549 2378 714 2409 obtitisse
740 2379 808 2418 Bg,
842 2379 1013 2410 obticisse
1041 2380 1080 2417 b,
1119 2379 1317 2410 obticuisse
1350 2381 1446 2410 lectio
1478 2380 1545 2410 alia
1569 2391 1596 2411 s.
1621 2382 1640 2411 Ι.
1666 2381 1699 2411 in

123 2421 174 2461 Bg
265 2424 283 2452 ⁴2
311 2422 517 2453 differentia
543 2424 571 2453 A
678 2425 697 2453 4
724 2423 899 2464 quaedam
927 2425 1127 2465 cogitatio*
1152 2425 1198 2455 A:
1226 2425 1403 2465 quaedam
1429 2424 1697 2465 significatione

273 2489 293 2508 a
414 2479 593 2518 cogitatio
1257 2504 1259 2507 .

125 2522 184 2562 Bu,
212 2523 388 2563 quaedam
415 2524 685 2562 signiticatIOne
704 2523 766 2565 Bg,
792 2525 836 2563 ef.
857 2524 976 2565 Spalrl.
1003 2527 1049 2556 acl
1072 2526 1101 2556 le.
1121 2528 1141 2556 l.
1235 2526 1317 2566 quid
1336 2525 1376 2556 A¹
1471 2528 1490 2557 6
1515 2536 1552 2556 se
1579 2537 1637 2557 om.
1658 2527 1697 2566 A,

123 2570 208 2600 unde
233 2570 326 2599 malis
353 2579 432 2599 csse
459 2579 496 2599 se
524 2569 677 2599 amicum
705 2570 737 2600 ei
876 2572 915 2601 10
941 2572 1070 2609 ingens
1095 2571 1168 2601 Ab:
1197 2571 1348 2611 ingenus
1375 2571 1434 2610 Bu,
1462 2572 1605 2601 iniemis
1633 2572 1700 2611 (ael

570 2642 582 2654 ι
898 2636 917 2657 a

125 2668 282 2709 inienus„
310 2669 361 2709 Bg
471 2671 503 2699 ll
535 2669 564 2700 is
589 2670 617 2700 A
716 2667 810 2711 acie]
838 2671 933 2710 quiei
958 2672 986 2701 A
1096 2673 1135 2701 13
1162 2674 1274 2702 testes
1299 2671 1352 2705 Βς
1469 2673 1507 2702 14
1536 2682 1626 2712 quae
1653 2673 1699 2703 sit

124 2714 188 2744 ab:
217 2725 282 2755 que
310 2716 355 2745 sit
379 2715 418 2752 A,
448 2716 587 2755 quescit
613 2715 637 2744 B
747 2717 783 2745 17
813 2716 975 2747 inuaderi
1001 2717 1029 2746 A
1146 2718 1184 2747 18
1211 2718 1382 2747 uniuersa
1410 2716 1573 2747 releuant
1599 2719 1699 2748 testi-

125 2760 321 2790 moniarum
349 2766 385 2790 ut
410 2760 452 2790 dc
480 2759 610 2800 (medus
636 2761 778 2799 omiss-la)
804 2760 833 2790 A
948 2764 986 2791 l‘.)
1014 2761 1209 2790 auditionis
1233 2760 1292 2798 Bn,
1319 2763 1381 2792 sal
1404 2772 1494 2792 cot-7¹.
1519 2773 1558 2792 m.
1585 2764 1697 2793 eadem

213 2806 252 2835 21
281 2810 317 2835 ut
342 2805 421 2836 A132
452 2812 487 2835 et
511 2806 634 2844 Remus
734 2814 931 2837 nunerasse
958 2806 1005 2836 En
1120 2806 1160 2835 22
1188 2805 1284 2837 loco„-
1310 2807 1368 2837 Ab
1481 2808 1522 2838 ⁶23
1548 2807 1699 2838 infesta-

126 2848 232 2880 tionis·
256 2850 276 2880 b
383 2852 424 2881 25
450 2852 664 2881 nath-imum
691 2852 720 2881 A
823 2853 863 2881 ’.ἐϋ
889 2852 1019 2892 egri-ssi
1046 2850 1075 2880 A
1189 2853 1229 2882 27
1257 2851 1550 2883 adulescentulus
1575 2864 1696 2883 senem

126 2895 190 2924 υἱιΙι
217 2904 284 2926 nou
309 2896 337 2926 A
430 2896 471 2926 '29
497 2896 533 2926 in
560 2896 651 2927 lianc
675 2900 813 2936 partem
841 2896 860 2925 b
968 2898 1009 2927 30
1034 2895 1259 2927 familialiter
1283 2897 1331 2929 Bu
1440 2900 1479 2929 31
1506 2899 1541 2928 iu
1567 2900 1697 2930 addidit

128 2938 246 2981 Regin-s·
1737 2943 1740 2945 .

582 2997 594 3016 ο
