1955 3228
686 117 747 147 1v.
802 116 834 160 1,
858 116 1026 147 cufim.
1062 118 1094 162 2,
1118 117 1243 147 1—2.
1685 112 1764 154 183

169 219 550 261 dormitantes-eos
582 219 759 261 excitari
789 220 983 274 putabat,
1017 221 1140 275 quale
1172 224 1255 264 est:
1288 224 1394 264 tum
1426 224 1470 265 G.
1495 223 1737 266 Varenus
1748 226 1830 279 ,74

165 288 209 328 is
240 287 326 341 qui
359 287 616 328 afamilia
638 287 986 328 Anchariana
1017 290 1230 331 occisus
1262 291 1513 333 est—hoc
1544 307 1759 348 quaeso,

166 355 394 409 iudices,
437 355 735 410 diligenter
777 356 1065 398 attendite.
1130 358 1274 412 utique
1313 359 1348 399 si
1379 359 1602 414 multiplex
1635 375 1760 402 causa

166 425 243 477 est,
277 437 353 463 sua
384 423 616 479 quibusque
646 422 839 477 partibus
871 423 1011 464 danda
1041 426 1250 478 praefatio
1272 428 1349 479 est,
1381 428 1430 467 ut
1459 427 1623 468 eaudite
1644 443 1760 470 nunc

128 504 144 528 5
164 491 348 545 reliqua’
381 493 424 532 et
454 492 647 532 ‘transeo
679 504 794 531 nunc
824 490 963 531 illuc'.
1023 492 1094 532 sed
1126 493 1172 533 in
1202 493 1307 546 ipsis
1339 493 1469 535 etiam
1501 495 1759 549 probationi-
1775 496 1827 537 75

164 559 240 599 bus
271 559 405 599 multa
435 558 677 613 funguntur
707 559 912 612 prooemii
943 559 1050 613 uice,
1084 562 1130 601 ut
1160 561 1267 602 facit
1289 560 1435 602 Cicero
1466 576 1542 615 pro
1564 562 1759 605 Cluentio

162 626 349 667 dicturus
382 628 530 667 contra
563 640 781 680 censores,
825 641 901 680 pro
932 626 1132 681 Murena,
1178 642 1271 669 cum
1309 643 1352 669 se
1385 628 1529 670 Seruio
1569 633 1755 673 excusat.

163 709 309 735 uerum
339 694 383 735 id
413 694 678 749 frequentius
710 696 794 748 est,
837 708 963 748 quam
1001 697 1048 735 ut
1080 695 1282 750 exemplis
1316 696 1667 738 confirmandum·
1685 699 1754 740 sit.

273 761 479 810 Quotiens
513 764 654 803 autem
684 762 898 816 prooemio
930 762 1134 803 fuerimus
1165 763 1253 817 usi,
1297 766 1389 804 tum
1428 764 1517 806 siue
1555 766 1601 806 111
1633 780 1755 821 expo-
1771 767 1823 807 76

109 841 140 867 10
159 830 358 871 sitionem
387 829 663 870 transibimus
694 828 783 871 siue
821 830 1016 884 protinus
1059 830 1110 871 ad
1148 831 1462 885 probationem,
1503 832 1545 873 id
1587 833 1757 875 debebit

158 898 201 939 in
242 898 454 952 principio
496 899 754 952 postremum
794 913 904 951 esse,
951 899 1017 939 cui
1058 899 1392 941 commodissime
1430 900 1550 955 iungi
1583 901 1754 943 initium

157 967 423 1021 sequentium
454 965 624 1020 poterit.
684 965 758 1006 illa
796 980 895 1006 uero
933 966 1091 1021 frigida
1133 969 1175 1007 et
1213 967 1388 1021 puerilis
1427 970 1491 1009 est
1521 968 1566 1009 in
1598 968 1753 1011 scholis
1769 970 1820 1011 77

157 1034 407 1087 adfectatio,
447 1036 495 1074 ut
532 1033 622 1087 ipse
659 1034 864 1074 transitus
905 1033 1065 1075 efficiat
1103 1035 1287 1090 aliquam
1317 1035 1463 1090 utique
1494 1038 1753 1079 sententiam

156 1104 198 1143 et
227 1102 350 1143 huius
381 1101 500 1142 uelut
529 1101 788 1156 praestigiae
819 1101 1015 1155 plausum
1044 1105 1180 1156 petat,
1214 1105 1261 1144 ut
1283 1103 1458 1145 Ouidius
1489 1103 1685 1146 lasciuire
1706 1105 1751 1146 in

104 1180 135 1205 15
155 1169 566 1224 Metamorphosesin
597 1169 726 1222 solet,
768 1184 891 1224 quem
923 1171 1067 1211 tamen
1100 1185 1300 1212 excusare
1332 1171 1564 1212 necessitas
1594 1174 1748 1226 potest,

154 1253 219 1280 res
251 1237 559 1279 diuersissimas
591 1236 636 1277 111
668 1237 851 1291 speciem
885 1237 1009 1278 unius
1042 1239 1228 1292 corporis
1252 1239 1539 1293 colligentem.
1592 1240 1750 1280 oratori
1765 1241 1817 1282 78

154 1321 253 1347 uero
285 1305 384 1360 quid
416 1307 480 1346 est
510 1319 683 1346 necesse
714 1305 931 1359 subripere
962 1306 1074 1347 hanc
1096 1307 1483 1361 transgressionem
1505 1308 1547 1347 et
1567 1307 1748 1349 iudicem

152 1374 322 1428 fallere,
363 1374 455 1428 qui,
496 1375 544 1414 ut
581 1373 729 1414 ordini,
759 1388 899 1414 rerum
931 1374 1119 1415 animum
1150 1374 1368 1429 intendat,
1408 1374 1537 1416 etiam
1569 1390 1747 1417 commo-

154 1442 319 1483 nendus
351 1441 445 1482 est?
494 1441 652 1495 peribit
684 1441 796 1481 6111111
827 1441 964 1495 prima
994 1456 1093 1495 pars
1126 1442 1415 1496 expositionis,
1449 1442 1484 1483 si
1506 1442 1629 1484 iudex
1651 1457 1746 1484 nar-

101 1519 134 1544 20
155 1510 239 1550 rari
271 1509 459 1550 nondum
491 1509 608 1550 sciet.
669 1511 947 1563 (piapropter,
988 1511 1035 1550 ut
1065 1524 1152 1551 non
1184 1510 1362 1564 abrupte
1396 1510 1544 1551 cadere
1574 1510 1619 1551 in
1651 1526 1747 1552 nar-
1763 1514 1814 1555 79

151 1578 383 1632 rationem,
426 1578 486 1618 ita
526 1591 612 1618 non
653 1577 828 1618 obscure
868 1578 1168 1619 transcendere
1200 1580 1264 1619 est
1294 1578 1515 1632 optimum.
1577 1579 1611 1619 si
1643 1593 1742 1620 uero

151 1647 318 1701 longior
349 1648 546 1700 sequetur
569 1660 616 1686 ac
638 1645 840 1699 perplexa
861 1645 999 1699 magis
1022 1645 1240 1700 expositio,
1274 1646 1326 1686 ad
1356 1661 1448 1687 eam
1470 1646 1606 1700 ipsam
1627 1661 1745 1700 prae-

149 1714 363 1769 parandus
395 1713 519 1754 iudex
552 1713 652 1767 erit,
695 1716 741 1754 ut
773 1712 918 1755 Cicero
957 1713 1147 1767 saepius,
1189 1713 1261 1754 sed
1300 1720 1340 1755 et
1379 1714 1458 1755 hoc
1497 1713 1589 1755 loco
1620 1715 1744 1755 fecit:

150 1783 305 1837 paulo
335 1781 549 1836 longius
582 1781 849 1822 exordium
881 1782 955 1821 rei
995 1781 1445 1823 demonstrandae
1485 1784 1740 1837 repetam,

98 1850 301 1905 25quod,
335 1864 551 1904 quaeso,
585 1849 815 1902 iudices,
848 1864 909 1890 ne
941 1850 1167 1890 moleste
1198 1850 1501 1903 patiamini:
1539 1850 1741 1904 princi-

148 1918 249 1972 piis
272 1918 406 1959 enim
430 1917 664 1972 cognitis
686 1916 849 1958 multo
870 1917 1091 1958 facilius
1114 1919 1347 1958 extrema
1380 1917 1737 1973 intellegetis.
1760 1971 1767 1975 μ

88 1992 92 1993 ⁷
148 1985 251 2026 haec
282 1986 370 2026 fere
401 1987 501 2026 sunt
530 1985 635 2026 mihi
666 1985 716 2026 de
749 1985 918 2026 exordio
951 1987 1179 2038 comperta.
1771 1981 1790 1990 Χ

260 2053 316 2094 Π.
376 2053 562 2094 Maxime
599 2052 794 2094 naturale
834 2055 897 2094 est
936 2055 979 2094 et
1009 2053 1099 2094 fieri
1130 2053 1472 2108 frequentissime
1504 2053 1648 2107 debet,
1692 2056 1740 2095 ut

148 2123 401 2176 praeparato
432 2136 508 2175 per
538 2121 656 2174 haec,
697 2136 803 2175 quae
835 2135 963 2175 supra
994 2121 1105 2162 dicta
1137 2123 1248 2175 sunt,
1287 2121 1424 2162 iudice
1454 2135 1534 2175 res,
1575 2121 1625 2161 (16
1656 2136 1739 2175 qua

96 2199 128 2223 30
146 2189 496 2244 pronuntiaturus
518 2191 595 2242 est,
628 2188 858 2229 indicetur:
890 2188 995 2230 haec
1027 2190 1090 2229 est
1120 2189 1376 2230 narratio.
1428 2190 1473 2229 in
1495 2203 1576 2243 qua
1597 2189 1776 2234 sciens?

146 2258 436 2298 transcurram
467 2256 642 2297 subtiles
673 2256 851 2297 nimium
891 2257 1120 2297 diuisiones
1157 2257 1440 2310 quorundam,
1483 2257 1607 2311 plura
1647 2257 1736 2298 eius

147 2339 305 2379 genera
335 2324 597 2365 facientium.
657 2339 743 2365 non
783 2325 896 2365 6111111
933 2324 1066 2364 solam
1106 2323 1254 2365 uolunt
1293 2338 1381 2365 esse
1412 2324 1530 2364 illam
1560 2324 1736 2378 negotii,

226 2396 328 2458 ἶρ.
358 2416 435 2448 Clu.
462 2411 492 2447 c.
518 2418 572 2448 42.
600 2427 631 2458 p.
662 2417 752 2448 Mur.
782 2426 811 2447 c.
839 2420 869 2448 ὃ.
952 2418 1017 2450 23.
1045 2428 1075 2458 p.
1104 2416 1248 2449 Cluent.
1276 2418 1307 2455 4,
1335 2418 1386 2447 11.

240 2497 254 2526 1
284 2496 431 2536 qualest
456 2496 504 2526 Bn
520 2497 631 2528 etlm.
651 2496 703 2535 Bg
795 2496 928 2527 tumB:
955 2499 1029 2526 tum
1056 2506 1133 2527 cum
1159 2494 1187 2526 A
1264 2497 1282 2526 2
1309 2496 1338 2526 is
1365 2496 1499 2526 addidit
1524 2497 1576 2527 etl.
1605 2496 1732 2537 Gryple.

145 2541 190 2580 cf.
217 2544 246 2577 9,
268 2544 298 2576 2,
317 2544 359 2571 50·
451 2542 471 2572 4
498 2541 625 2581 quibus
653 2551 744 2581 quae
770 2542 833 2580 Bg,
861 2541 989 2582 quibus
1014 2542 1034 2571 b
1128 2543 1147 2573 ἴ)
1173 2540 1330 2580 reliquia
1354 2540 1407 2579 Bg
1431 2544 1508 2572 cmtc
1533 2551 1685 2572 rasuram

143 2585 231 2617 illuc
256 2586 296 2616 B:
325 2585 414 2617 illud
439 2586 494 2616 Ab
610 2587 630 2617 S
656 2586 829 2627 exemplis
853 2587 930 2616 Ab:
968 2585 1132 2627 exemplo
1159 2587 1183 2616 B
1300 2588 1319 2616 9
1344 2585 1380 2615 111
1405 2586 1478 2615 Ab:
1513 2585 1558 2616 ad
1583 2586 1655 2625 B33
1687 2586 1732 2625 ef,

145 2632 212 2664 [eac.
242 2631 397 2663 Bonnellz‘
490 2632 530 2662 io
556 2631 700 2662 decebit
725 2633 810 2664 coni.
838 2631 1005 2671 Spalding]
1099 2633 1138 2662 12
1166 2632 1467 2671 consequentium
1493 2632 1513 2660 b
1610 2633 1651 2662 13
1676 2631 1731 2662 af-

145 2676 297 2707 fectatio
330 2677 378 2715 A,
419 2676 581 2708 adfectio
614 2677 639 2706 B
781 2676 940 2716 aliquem
964 2676 989 2706 B
1131 2677 1171 2707 14
1202 2678 1329 2716 petant
1355 2674 1521 2715 Spalding
1547 2673 1730 2716 (probante

145 2720 349 2753 ›S'clznez‘dero
374 2722 408 2752 in
435 2721 576 2752 Grmnm.
603 2723 661 2752 lat.
690 2721 743 2757 II,
764 2722 869 2761 423),
903 2732 942 2753 ne
968 2721 1192 2762 praestigiae
1222 2721 1376 2760 (senelizm
1407 2721 1588 2761 sinyzclarz's
1619 2722 1733 2762 accipi

144 2770 283 2806 cogatur
383 2768 423 2798 15
449 2766 757 2807 metamorphosin
783 2767 819 2805 Β,
846 2767 1095 2797 metamor-fosi
1120 2766 1149 2796 A
1266 2766 1304 2796 17
1331 2765 1518 2806 subripere
1544 2766 1590 2796 A:
1616 2766 1726 2797 surri-

144 2820 230 2850 pere
255 2812 312 2845 Βς
404 2812 446 2843 20
472 2812 578 2843 siciet
603 2812 663 2849 Bn,
691 2812 793 2843 sitiet
818 2812 869 2850 Bg
896 2813 965 2842 lm.
1057 2813 1098 2842 22
1126 2810 1289 2851 sequitur
1313 2811 1333 2840 b
1426 2812 1467 2842 23
1494 2813 1550 2841 set
1576 2813 1611 2842 et
1635 2811 1660 2841 B

145 2856 187 2886 24
211 2859 330 2897 petam
355 2857 431 2887 libri
460 2857 602 2888 Tulliani
692 2859 732 2888 27
762 2860 956 2897 comperta.
1006 2857 1070 2887 DE
1096 2855 1405 2887 NARRATIONE
1430 2854 1492 2885 AB
1592 2857 1635 2888 30
1659 2855 1728 2888 hec

144 2898 198 2939 A¹‚
227 2911 270 2931 ea
294 2902 319 2932 B
413 2902 532 2933 sciens
557 2914 618 2935 om.
646 2903 670 2932 B
763 2904 803 2933 31
831 2904 1057 2933 trancurram
1082 2901 1107 2931 B
1201 2900 1435 2940 quorumdam
1462 2899 1490 2930 A
1597 2903 1639 2933 32
1665 2911 1726 2933 uo-

144 2943 222 2976 lunt
246 2946 274 2976 A
297 2947 331 2977 in
356 2957 423 2978 ras.
518 2947 643 2989 negoti
667 2948 691 2977 B
721 2949 788 2980 lm.
