1987 3212
184 102 264 143 126
708 109 1004 148 QUINTILIANI
1035 110 1154 141 INST.
1188 110 1262 140 on.

182 216 321 267 erunt,
356 213 516 267 optime
548 213 690 252 autem
722 211 766 265 ii,
800 226 905 265 quos
936 215 1107 253 secutus
1140 214 1204 253 est
1236 212 1397 266 Cicero,
1438 220 1637 267 genera
1669 227 1790 254 cau-

181 297 371 324 sarum.

293 348 368 391 IV.
431 347 512 390 Sed
551 348 634 388 tria
674 363 729 388 an
767 348 908 402 plura*
929 348 1018 390 sint
1056 348 1303 403 ambigitur.
1371 362 1452 390 nec
1490 348 1617 390 dubie
1656 363 1788 403 prope

181 432 328 458 omnes
360 416 506 471 utique
538 430 727 457 summae
759 416 871 470 apud
903 417 1101 471 antiquos
1133 415 1404 460 auctoritatis
1435 416 1664 470 scriptores
1695 417 1790 457 Ari-

180 485 365 526 stotelen
397 485 546 538 secuti,
588 485 660 539 qui
691 484 864 525 nomine
895 486 1066 525 tantum
1093 483 1185 524 ¹alio
1213 483 1582 537 contionalem
1612 498 1690 539 pro
1721 484 1789 526 de·
1811 504 1826 526 τ»

139 553 407 595 21iberatiua
439 552 772 608 appellat,'liac
813 553 1046 607 partitione
1088 551 1279 593 contenti
1320 551 1510 592 fuerunt.
1570 564 1719 592 uerum
1751 552 1793 592 et

182 624 273 662 tum
312 621 467 662 leuiter
507 623 571 662 est
608 622 864 675 temptatum
876 655 906 675 ,-
937 636 1029 662 cum
1072 620 1185 674 apud
1225 619 1412 660 Graecos
1449 618 1653 673 quosdam
1701 621 1792 659 tum

184 690 298 744 apud
321 690 570 731 Ciceronem
590 689 635 729 in
666 689 787 729 libris
819 689 869 729 de
901 691 1081 742 oratore,
1114 681 1156 728 et
1185 702 1302 728 nunc
1333 686 1518 728 maximo
1549 689 1791 741 temporum

181 760 424 799 nostrorum
464 759 636 798 auctore
680 771 811 812 prope
850 757 1090 811 inpulsum,
1138 757 1185 796 ut
1222 770 1310 796 non
1360 755 1484 796 modo
1522 754 1645 809 plura
1686 754 1792 796 haec

139 829 164 869 3
182 841 356 881 genera,
388 825 461 867 sed
493 840 629 880 paene
661 824 992 866 innumerabilia
1024 825 1264 865 uideantur.
1307 838 1408 864 nam
1441 823 1476 864 si
1505 822 1710 863 laudandi
1742 837 1792 863 ac
1813 846 1844 869 10

184 893 459 949 uituperandi
489 894 678 935 officium
709 894 755 934 in
786 895 908 948 parte
939 892 1069 934 tertia
1100 893 1311 946 ponimus,
1346 892 1391 933 in
1421 906 1504 946 quo
1525 905 1683 946 genere
1700 906 1791 931 uer-

180 963 266 1004 sari
298 962 549 1015 uidebimur,
583 976 678 1002 cum
709 962 938 1015 querimur,
980 962 1262 1013 consolamur,
1302 960 1563 1015 mitigamus,
1606 960 1791 1000 concita-

180 1045 288 1085 mus,
331 1032 556 1084 terremus,
599 1029 914 1083 confirmamus,
956 1029 1264 1084 praecipimus,
1305 1029 1484 1070 obscure
1516 1028 1631 1069 dicta
1660 1028 1791 1069 inter-

179 1102 421 1153 pretamur,
462 1113 708 1151 narramus,
751 1098 1042 1151 deprecamur,
1084 1097 1248 1152 gratias
1281 1097 1467 1151 agimus,
1509 1095 1790 1151 gratulamur,

179 1167 468 1222 Obiurgamus,
500 1166 808 1219 maledicimus,
843 1165 1142 1219 describimus,
1177 1165 1443 1219 mandamus,
1476 1164 1788 1217 renuntiamus,
1811 1187 1842 1209 15,

139 1238 401 1290 4optamus,
443 1235 689 1288 opinamur,
731 1234 915 1288 plurima
958 1234 1073 1275 alia?
1112 1236 1160 1274 ut
1198 1234 1304 1274 mihi
1342 1233 1387 1274 in
1418 1233 1493 1274 illa
1524 1234 1667 1273 uetere
1699 1247 1791 1286 per—

180 1304 378 1345 suasione
421 1303 693 1357 permanenti
736 1302 854 1343 uelut
894 1303 1081 1357 petenda
1123 1302 1179 1343 sit
1227 1302 1355 1343 uenia
1402 1301 1789 1356 quaerendumque,

179 1388 260 1427 quo
292 1372 397 1412 moti
428 1372 590 1425 priores
623 1386 712 1411 rem
743 1373 833 1412 tam
865 1371 951 1411 late
981 1371 1123 1411 fusam
1144 1372 1233 1410 tam
1257 1370 1445 1411 breuiter
1466 1369 1790 1410 adstrinxerint.

179 1455 283 1495 quos
316 1440 388 1494 qui
420 1454 583 1480 errasse
614 1442 795 1493 putant,
836 1440 916 1479 hoc
955 1442 1122 1480 secutos
1161 1438 1451 1492 arbitrantur,
1495 1438 1606 1492 quod
1647 1438 1690 1478 in
1724 1436 1790 1478 his

139 1509 270 1554 5fere
302 1509 464 1549 uersari
495 1510 588 1549 tum
619 1510 809 1548 oratores
842 1507 1069 1548 uidebant:
1109 1521 1211 1547 nam
1243 1509 1286 1547 et
1315 1507 1463 1547 laudes
1495 1520 1545 1546 ac
1576 1506 1790 1560 uitupera-
1810 1529 1842 1551 ῃ,

180 1577 318 1618 tiones
350 1577 663 1630 scribebantur,
699 1578 742 1617 et
774 1577 1027 1628 ἐπιταφίου(
1058 1575 1198 1616 dicere
1231 1578 1324 1616 erat
1345 1575 1474 1616 moris
1498 1576 1540 1615 et
1560 1573 1791 1628 plurimum

178 1646 225 1686 in
258 1645 447 1687 consiliis
479 1660 528 1686 ac
560 1645 728 1686 iudiciis
760 1644 1058 1685 insumebatur
1088 1658 1257 1698 operae,
1298 1646 1345 1684 ut
1375 1643 1603 1697 scriptores
1636 1642 1791 1683 artium

139 1720 255 1768 (ipro
287 1713 386 1755 solis
420 1713 754 1768 conprenderint
784 1712 1145 1767 frequentissima.
1196 1712 1267 1766 qui
1301 1726 1401 1752 uero
1424 1711 1674 1765 defendunt,
1707 1711 1791 1751 tria

178 1783 347 1823 faciunt
378 1796 539 1837 genera
570 1782 832 1822 auditorum:
872 1796 1019 1834 unum,
1052 1781 1162 1835 quod
1195 1781 1246 1821 ad
1279 1780 1606 1820 delectationem
1639 1793 1790 1820 conue-

179 1851 284 1904 niat,
325 1850 520 1904 alterum,
562 1850 672 1904 quod
705 1849 929 1891 consilium
960 1849 1158 1904 accipiat,
1200 1848 1387 1901 tertium,
1427 1847 1538 1902 quod
1569 1848 1620 1888 de
1652 1848 1790 1889 causis
1809 1869 1841 1892 25,

178 1918 351 1959 iudicet.
412 1917 518 1959 mihi
558 1920 713 1960 cuncta
751 1918 929 1959 rimanti
970 1920 1012 1959 et
1050 1917 1149 1958 talis
1188 1906 1537 1971 quaedam-ratio
1568 1916 1789 1972 succurrit,

179 1987 290 2041 quod
322 2001 446 2027 omne
478 1987 684 2028 orationis
706 1986 896 2027 officium
928 1988 1002 2027 aut
1032 1986 1077 2027 in
1099 1985 1268 2026 iudiciis
1292 1987 1355 2026 est
1378 1987 1451 2026 aut
1473 1988 1593 2026 extra
1616 1984 1786 2026 iudicia.

141 2062 163 2102 7
183 2070 349 2110 eorum,
390 2056 440 2096 de
472 2056 623 2110 quibus
654 2055 811 2096 iudicio
842 2055 1081 2109 quaeritur,
1121 2054 1399 2094 manifestum
1431 2055 1495 2094 est
1526 2067 1683 2108 genus:
1724 2068 1788 2107 ea,

180 2139 288 2179 quae
321 2123 373 2164 ad
405 2124 587 2165 iudicem
619 2138 706 2164 non
746 2123 948 2177 ueniunt,
991 2125 1064 2163 aut
1102 2123 1382 2177 praeteritum
1422 2122 1584 2162 liabent
1621 2124 1789 2175 tempus

180 2194 255 2233 aut
291 2192 503 2233 futurum:
545 2193 776 2246 praeterita
818 2191 1039 2232 laudamus
1079 2193 1153 2231 aut
1190 2191 1506 2245 uituperamus,
1546 2190 1596 2230 de
1634 2189 1788 2230 futuris
1808 2210 1841 2233 30

139 2267 163 2307 8
181 2261 479 2303 deliberamus.
531 2260 635 2301 item
666 2261 821 2315 omnia,
856 2261 906 2301 de
938 2259 1089 2314 quibus
1111 2259 1335 2300 dicendum
1360 2260 1436 2313 est,
1469 2260 1543 2299 aut
1565 2261 1681 2299 certa
1702 2258 1790 2299 sint

178 2345 352 2371 necesse
385 2331 450 2370 est
480 2331 555 2369 aut
585 2328 726 2370 dubia.
780 2331 918 2382 certa,
952 2331 999 2368 ut
1032 2328 1182 2382 cuique
1215 2329 1279 2368 est
1311 2327 1498 2381 animus,
1539 2326 1686 2367 laudat
1717 2328 1789 2367 aut

181 2399 346 2454 culpat:
386 2412 437 2439 ex
475 2396 615 2438 dubiis
646 2397 806 2451 partim
837 2396 961 2438 nobis
992 2396 1096 2450 ipsis
1129 2396 1181 2437 ad
1224 2395 1477 2437 electionem
1507 2397 1610 2436 sunt
1638 2395 1788 2448 libera,

179 2467 230 2508 de
262 2467 328 2507 his
359 2466 638 2519 deliberatur,
677 2466 837 2520 partim
869 2465 1048 2506 aliorum
1080 2464 1320 2505 sententiae
1353 2464 1599 2518 commissa,
1640 2464 1691 2504 de
1722 2463 1788 2504 his

178 2535 253 2576 lite
287 2535 572 2577 contenditur.

272 2643 302 2674 1.
329 2640 372 2671 de
401 2639 503 2672 Orat.
533 2642 563 2680 1,
591 2641 644 2677 31,
673 2640 748 2671 141.
776 2639 865 2680 Top.
893 2640 947 2675 24,
975 2640 1028 2670 91.
1131 2640 1162 2671 8.
1190 2638 1233 2670 de
1261 2639 1364 2671 Orat.
1391 2639 1421 2676 2,
1451 2639 1492 2669 10
1517 2647 1570 2678 sq.
1664 2638 1695 2668 9.
1722 2647 1784 2668 au*

181 2685 295 2727 ctore]
324 2686 445 2717 Plinio
472 2686 634 2717 maiore?
661 2685 708 2716 cf.
735 2688 768 2726 3,
798 2687 827 2726 1,
854 2686 907 2716 21.

274 2781 288 2808 1
317 2778 354 2814 hi
379 2779 408 2808 A
513 2787 718 2810 causarum.
769 2776 898 2817 QVAE
926 2774 1124 2808 GENERA
1151 2774 1405 2811 CAVSARVM
1432 2773 1494 2805 AB
1604 2774 1624 2804 4
1651 2773 1784 2805 aristo-

184 2823 289 2853 telem
313 2816 355 2853 ”A1
469 2826 488 2854 5
514 2827 637 2853 tamen
664 2825 745 2855 dell.
867 2821 1116 2853 continualem
1142 2822 1168 2852 B
1287 2824 1327 2855 1ss
1353 2822 1511 2866 plurima
1536 2819 1616 2850 AB:
1646 2823 1682 2850 ct
1707 2819 1784 2861 plu-

182 2869 274 2899 rima
300 2871 343 2899 al.
448 2870 489 2900 19
515 2869 546 2899 is
575 2869 635 2908 (iis
660 2869 766 2910 corr.)
792 2870 846 2910 Bg
962 2869 1004 2900 22
1032 2878 1142 2910 opere
1168 2868 1197 2898 A
1313 2872 1355 2902 23
1383 2865 1719 2907 comprehenderint
1744 2866 1784 2902 A,

182 2913 525 2954 conprehenderunt
549 2915 569 2944 b
680 2916 971 2957 frequentissima
997 2917 1057 2956 qui
1080 2924 1161 2946 uero
1188 2914 1389 2947 defendunt
1413 2917 1443 2946 A
1559 2913 1600 2942 27
1628 2912 1786 2942 oratoris

181 2960 258 2992 edd.
285 2963 363 2990 nect.
459 2961 500 2991 32
529 2964 628 2992 certa
653 2962 682 2991 A
776 2963 817 2992 33
845 2961 965 3003 culpat
989 2962 1018 2992 A
1111 2962 1151 2991 34
1180 2959 1361 2992 liberatur
1385 2960 1426 2992 A¹
