1939 3228
113 517 131 543 5

98 857 130 881 10

99 1198 131 1223 15

98 1539 131 1564 20

768 131 832 161 ix.
879 129 922 174 3,
946 129 1118 160 62—70.
1665 122 1738 162 161

150 246 302 274 uocum
334 234 407 274 aut
436 232 610 286 paribus
642 234 716 273 aut
756 233 980 274 contrariis
1022 233 1233 275 conuertit
1276 234 1321 275 in
1353 248 1397 275 se
1429 248 1551 275 aures
1583 236 1625 275 et
1657 235 1745 276 ani-

149 315 239 342 mos
272 300 444 351 excitat.
487 299 589 342 hinc
612 302 676 342 est
696 302 1005 356 παρονομαεία,
1037 316 1145 357 quae
1176 302 1334 343 dicitur
1365 302 1609 344 adnomin
1623 303 1742 344 atio.

150 383 199 410 ea
229 383 317 410 non
348 383 432 410 uno
463 368 587 410 modo
617 368 711 410 fieri
741 369 869 410 solet:
903 384 953 410 ex
974 369 1133 411 uicinia
1154 370 1361 424 quaedam
1383 371 1590 426 praedicti
1613 371 1745 412 nomi-

148 437 216 478 nis
261 437 388 478 ducta
427 436 593 478 casibus
631 436 879 491 declinatis,
926 439 973 477 ut
1011 437 1224 479 Domitius
1262 438 1369 480 Afer
1412 453 1489 493 pro
1527 439 1745 481 Cloatilla:

150 505 340 546 mulier
370 505 599 546 omnium
630 519 800 546 rerum
831 505 1086 559 inperita,
1125 505 1178 546 in
1209 507 1450 548 omnibus
1481 507 1637 548 rebus
1668 507 1746 548 in-

149 573 296 615 felix.
337 575 379 615 et
411 588 505 615 cum
536 573 666 615 uerbo
696 573 809 614 idem
838 572 1016 614 uerbum
1045 573 1140 628 plus
1172 574 1421 629 significans
1453 575 1813 630 subiungitur-:67

149 641 355 696 quando
386 641 535 683 homo
566 642 756 696 hostis,
788 641 948 683 homo.
1011 641 1163 696 quibus
1196 643 1399 698 exemplis
1431 658 1524 685 sum
1555 644 1599 685 in
1632 644 1745 685 aliud

150 723 272 763 usus,
314 710 387 751 sed
423 710 470 751 in
508 725 594 752 uno
625 711 803 764 ἕμφαειε
834 711 899 751 est
930 711 972 751 et
1011 710 1258 765 geminatio.
1319 713 1616 768 παρονομαείᾳ
1648 727 1746 754 con-

148 778 327 818 trarium
364 780 450 832 est,
493 778 603 833 quod
643 779 788 833 eodem
827 777 957 819 uerbo
997 778 1116 832 quasi
1154 778 1309 820 falsum
1349 781 1566 835 arguitur:
1617 796 1746 835 quae

149 845 231 887 lex
269 846 505 900 priuatis
544 846 846 888 hominibus
884 860 997 887 esse
1042 846 1122 888 lex
1163 861 1264 888 non
1310 848 1609 890 uidebatur.
1681 849 1814 891 cuiGS

151 913 330 955 confinis
363 916 426 955 est
457 928 565 969 quae
597 915 904 958 ἀντανάκλαειε
945 914 1121 968 dicitur,
1163 915 1348 957 eiusdem
1380 917 1499 958 uerbi
1532 918 1747 959 contraria

149 981 423 1036 significatio.
468 997 562 1023 cum
593 982 840 1024 Proculeius
871 985 1117 1037 quereretur
1148 984 1198 1024 de
1228 983 1328 1038 filio,
1361 985 1471 1039 quod
1501 985 1536 1026 is
1568 988 1747 1027 mortem

150 1064 270 1091 suam
301 1052 633 1105 expectaret,
667 1053 709 1092 et
738 1051 810 1092 ille
833 1050 1032 1105 dixisset,
1073 1065 1124 1092 se
1155 1066 1277 1093 uero
1308 1067 1409 1093 non
1441 1056 1745 1108 expectare:

149 1118 323 1172 immo,
357 1118 511 1174 inquit,
546 1133 672 1174 rogo
704 1121 970 1173 expectes.
1014 1133 1101 1160 non
1134 1134 1184 1161 ex
1215 1121 1375 1175 eodem,
1409 1121 1481 1162 sed
1513 1137 1562 1163 ex
1603 1123 1745 1163 uicino

151 1187 363 1229 diuersum
395 1187 630 1242 accipitur,
679 1202 774 1228 cum
806 1187 1078 1242 supplicio
1110 1188 1395 1230 adficiendum
1435 1190 1573 1245 dicas,
1621 1206 1746 1246 quem

149 1255 548 1310 supplicatione
595 1255 774 1311 dignum
819 1255 1034 1296 iudicaris.
1112 1256 1237 1297 aliter
1292 1272 1456 1312 quoque
1502 1272 1628 1300 uoces
1674 1261 1748 1300 aut
1761 1259 1815 1299 69

149 1324 321 1365 eaedem
352 1324 520 1366 diuersa
551 1324 596 1365 in
628 1323 943 1379 significatione
974 1326 1193 1378 ponuntur
1232 1327 1305 1366 aut
1343 1325 1623 1380 productione
1654 1328 1747 1367 tan-

149 1393 238 1433 tum
270 1392 338 1434 uel
363 1393 631 1447 correptione
662 1394 874 1433 mutatae:
907 1392 1015 1446 quod
1040 1392 1169 1433 etiam
1200 1393 1244 1434 in
1276 1394 1379 1434 iocis
1409 1393 1613 1448 frigidum
1635 1395 1747 1449 equi-

148 1460 243 1501 dem
273 1460 385 1502 tradi
415 1460 530 1502 inter
559 1462 788 1515 praecepta
827 1461 980 1514 miror,
1022 1475 1153 1515 eoque
1185 1462 1378 1516 exempla
1409 1462 1574 1503 uitandi
1606 1463 1747 1516 potius

149 1542 277 1583 quam
308 1528 505 1570 imitandi
539 1528 681 1584 gratia
712 1542 844 1583 pono:
879 1529 1041 1569 amari
1074 1530 1357 1571 iucundum
1390 1532 1491 1585 est,
1525 1531 1567 1572 si
1601 1533 1816 1574 cure-70

148 1598 251 1651 tur,
298 1611 359 1638 ne
403 1596 525 1651 quid
573 1596 707 1638 insit
751 1597 930 1638 amari.
994 1597 1167 1638 auium
1214 1598 1436 1640 dulcedo
1475 1599 1534 1640 ad
1574 1600 1747 1641 auium

149 1665 318 1718 ducit,
352 1667 394 1706 et
425 1665 537 1720 apud
568 1664 768 1707 Ouidium
798 1664 1038 1707 ludentem:

387 1747 475 1774 cur
505 1747 598 1788 ego
629 1747 730 1774 non
761 1732 953 1788 dicam,
986 1733 1167 1789 Furia,
1200 1737 1249 1776 te
1281 1735 1507 1776 furiam?

239 1840 270 1872 9.
299 1837 376 1873 Cic,
402 1838 439 1868 in
464 1837 541 1869 Pis.
569 1839 621 1876 13,
649 1839 702 1871 30.
800 1839 852 1870 13.
879 1838 993 1870 Rutil.
1014 1838 1105 1880 Lup.
1132 1840 1160 1879 1,
1179 1840 1210 1873 5.
1306 1841 1359 1871 520.
1388 1839 1557 1882 exempla
1576 1850 1619 1872 ex
1638 1841 1746 1876 Rhet.

148 1883 195 1915 ad
220 1883 380 1918 Herenn.
407 1885 440 1924 4,
470 1884 521 1918 14.
618 1882 672 1917 23.
700 1893 743 1914 ex
770 1884 1077 1925 epigrammatum
1106 1884 1199 1916 libro
1225 1888 1263 1916 ut
1289 1885 1448 1918 uidetur.

240 1976 255 2005 1
285 1985 391 2006 aures
432 1977 469 2006 et
501 1974 641 2006 animos
675 1974 815 2005 excitat
837 1975 960 2014 AMg:
995 1974 1292 2007 auressssexeitat
1317 1977 1359 2013 G,
1393 1987 1499 2008 aures
1525 1977 1691 2009 excitant
1716 1979 1745 2015 S,

147 2020 287 2052 animos
312 2030 374 2053 om.
401 2028 421 2055 ς
515 2022 533 2051 2
562 2029 779 2051 uoxoxuama
806 2020 832 2050 G
914 2022 933 2051 3
960 2020 1051 2052 solet
1076 2019 1156 2052 AG:
1184 2021 1278 2053 solet
1303 2022 1366 2053 sed
1393 2023 1483 2057 MS&
1556 2033 1598 2054 ex
1624 2024 1746 2055 uicino

146 2066 198 2096 llic
224 2076 353 2107 quoquc
379 2067 484 2097 malim
579 2065 733 2106 quedam
751 2066 798 2103 Μ,
827 2065 983 2106 quadam
1000 2066 1122 2100 Ang
1214 2069 1234 2098 4
1261 2067 1458 2099 declinatis
1476 2069 1605 2099 AGM:
1633 2069 1746 2105 decli„-

147 2114 254 2142 natur
279 2113 327 2145 ὃς
467 2111 558 2143 affer
583 2112 637 2141 GS
766 2110 908 2142 clotilla
932 2111 979 2152 M,
1006 2111 1198 2143 Domitilla
1226 2113 1354 2154 Zumpt,
1381 2115 1425 2153 cf.
1452 2115 1498 2145 acl
1513 2116 1544 2151 8,
1564 2117 1596 2153 5,
1616 2116 1657 2145 16

147 2157 166 2188 5
193 2156 360 2188 omnibus
385 2157 459 2187 AS:
486 2156 666 2188 ominibus
692 2166 724 2193 a,
752 2156 959 2188 hominibus
985 2158 1054 2187 GM
1148 2168 1264 2189 rerum
1289 2157 1435 2196 AGMS‚
1464 2170 1521 2191 em.
1550 2160 1673 2199 Heyz'us

147 2202 166 2233 6
192 2202 342 2233 uerbum
370 2203 396 2233 G
420 2213 449 2235 s.
475 2205 496 2234 I.
593 2201 810 2243 significans
837 2200 999 2232 Obrecht:
1025 2202 1223 2243 significan
1250 2205 1287 2243 G,
1315 2204 1501 2245 significat
1517 2205 1660 2244 AMSg,
1686 2207 1749 2237 sed

147 2247 176 2277 A
202 2250 240 2278 at
264 2249 297 2278 1⁰71
322 2258 392 2279 ras.
419 2259 459 2280 m.
478 2250 497 2278 2
623 2249 640 2278 7
667 2246 784 2278 hostis
810 2247 849 2284 A,
875 2247 938 2278 secl
963 2246 983 2277 h
1009 2257 1036 2279 S.
1063 2250 1083 2278 I.
1113 2257 1172 2288 qu.
1200 2248 1316 2287 homo,
1344 2249 1458 2281 hostis
1484 2249 1589 2281 homo
1615 2252 1674 2281 alii
1698 2251 1746 2282 (li-

146 2293 317 2333 stinlquunt
432 2293 451 2324 S
479 2293 515 2323 in
542 2302 612 2323 uno
639 2292 744 2323 simul
770 2293 876 2323 malim
981 2290 1135 2332 ἔμφαειε
1163 2297 1217 2324 est
1244 2298 1277 2324 ct
1304 2294 1368 2327 Ed.
1401 2295 1597 2336 W'oelfslz'n:
1622 2304 1745 2327 (Paclc

149 2341 204 2369 est
228 2339 257 2368 A
281 2339 315 2369 in
338 2348 409 2370 rus.
438 2337 549 2369 fassis
576 2340 631 2369 est
656 2338 693 2375 G,
722 2337 827 2368 falsis
854 2335 971 2376 (fallis
996 2338 1044 2377 M)
1074 2341 1129 2369 est
1153 2339 1227 2378 MS,
1254 2340 1299 2379 ef.
1319 2342 1349 2375 8,
1371 2342 1402 2376 3,
1422 2341 1465 2372 86
1580 2350 1745 2372 uaPoNo-

148 2391 277 2414 MACIAI
304 2382 493 2423 Spaldiny:
519 2391 806 2414 naPaONomAcIA
833 2383 867 2413 ei
892 2382 965 2417 AG,
991 2381 1245 2426 παρονομαείᾳ
1273 2385 1306 2415 ei
1332 2395 1352 2420 ς
1484 2387 1503 2417 9
1530 2384 1639 2427 quod]
1665 2396 1744 2417 cum

148 2427 285 2469 (quom)
312 2427 479 2469 Spalding
579 2428 679 2459 falsu
707 2429 747 2468 (fi
774 2429 806 2458 in
831 2426 918 2469 νας.)
944 2428 973 2457 Α
1097 2429 1132 2459 11
1164 2432 1220 2460 est
1244 2440 1337 2470 quae
1365 2440 1634 2464 aN'rmeKAocic
1660 2430 1746 2472 (ηοω

144 2484 273 2514 gyraeea
297 2474 331 2504 in
356 2483 426 2504 ras.
451 2484 490 2507 m,
507 2473 543 2513 2)
572 2473 706 2504 dicitur
730 2473 777 2513 A,
812 2476 868 2504 est
899 2482 992 2513 quae
1021 2483 1301 2508 aNTANaKaAClC
1328 2474 1412 2516 (siue
1439 2476 1587 2516 dieitur)
1614 2476 1656 2512 G,
1690 2480 1746 2508 est

147 2516 418 2550 ἀντανάκλαειε
449 2526 470 2553 ς
505 2519 653 2558 (dicitur
683 2519 801 2550 deesse
828 2518 1047 2560 Spaldinyz'us
1079 2521 1274 2551 coniectura
1305 2522 1484 2552 adsecutus
1515 2521 1600 2564 est),·
1631 2523 1745 2563 figura

147 2565 240 2605 apud
264 2563 420 2595 Rutilium
445 2564 575 2605 Lupum
600 2562 796 2596 ἀνάκλαει(
822 2564 926 2600 audit,
952 2564 1027 2594 item
1052 2565 1086 2596 in
1111 2576 1211 2597 carm.
1239 2567 1280 2597 de
1300 2568 1357 2607 fig.
1379 2568 1441 2606 13,
1473 2569 1535 2598 sed
1560 2568 1653 2608 apud
1676 2567 1742 2598 Isi-

147 2611 263 2641 dorum
282 2609 337 2649 II,
356 2611 410 2645 21,
436 2611 473 2640 10
498 2607 766 2641 ἀντανάκλαειε
862 2610 902 2639 12
927 2619 998 2639 cum
1022 2610 1222 2650 proculeius
1244 2611 1274 2641 A
1366 2615 1604 2653 quaereretur
1621 2611 1700 2643 A¹G

150 2656 189 2686 14
216 2665 257 2686 ex
286 2654 411 2686 eodem
430 2655 482 2685 M:
510 2665 552 2685 ex
577 2665 638 2686 0711.
658 2655 749 2684 AGS
821 2664 863 2685 ex
888 2653 1012 2685 uicino
1039 2655 1221 2687 diuersum
1242 2656 1402 2688 Schuetz:
1429 2667 1472 2688 ex
1491 2657 1634 2689 diuerso
1652 2658 1744 2689 uici—

147 2709 230 2730 num
248 2700 326 2731 libri
397 2701 437 2732 15
462 2699 617 2741 suplicio
635 2698 677 2730 A¹
750 2700 845 2730 (licus
870 2709 962 2740 quem
980 2699 1247 2742 supplicatione
1264 2702 1293 2731 A
1367 2703 1405 2733 16
1424 2702 1743 2743 dignum—uoces

149 2748 210 2776 aut
234 2745 315 2775 AG:
341 2755 402 2778 om.
428 2746 559 2777 FMST
677 2748 739 2776 aut
765 2744 842 2784 (om.
868 2745 916 2782 M)
944 2743 1072 2776 eadem
1099 2748 1163 2777 aut
1188 2744 1267 2788 (aut
1294 2747 1323 2777 A
1348 2748 1380 2778 in
1406 2748 1492 2788 ras.)
1520 2748 1664 2780 diuersa
1689 2748 1745 2779 in-

148 2791 355 2831 signatione
381 2791 498 2831 AGM,
527 2790 654 2822 eadem
683 2793 718 2821 et
744 2790 890 2821 diuersa
916 2790 952 2820 in
977 2789 1249 2831 significatione
1275 2793 1294 2821 S
1435 2794 1475 2824 17
1501 2796 1565 2824 aut
1590 2793 1690 2835 prod.
1716 2794 1745 2824 A

147 2845 236 2867 corr.
263 2837 297 2867 z'n
321 2838 362 2866 ut
386 2835 486 2877 prod.
606 2837 647 2868 18
673 2836 903 2876 corruptione
927 2836 957 2865 A
983 2836 1002 2865 1
1021 2847 1061 2867 m.
1089 2837 1316 2868 correctione
1343 2839 1378 2868 M
1470 2841 1634 2870 mutatae
1660 2839 1742 2879 AM,

147 2881 209 2911 sed
230 2881 259 2911 A
283 2882 316 2912 in
340 2891 411 2913 rus.
437 2885 585 2913 mautae
611 2882 647 2920 G,
677 2891 737 2913 om.
765 2881 784 2910 S
876 2879 967 2911 locis
991 2879 1127 2911 AGMS
1237 2882 1401 2923 equidem
1428 2885 1506 2915 MS:
1535 2887 1570 2915 et
1597 2883 1743 2926 quidem

147 2926 213 2956 AG
307 2927 347 2957 19
374 2936 488 2967 eoque
516 2926 700 2968 Spardingyt
726 2935 920 2966 eorumque
946 2926 1024 2957 libri
1115 2928 1154 2957 21
1183 2927 1304 2959 auium
1332 2928 1437 2960 dulce
1464 2929 1584 2960 auium
1609 2929 1744 2960 AGMS

237 2971 280 3001 23
307 2981 374 3012 ego
399 2972 452 3002 M:
479 2982 563 3012 ergo
588 2972 681 3003 AGS

217 3025 396 3066 Qmmn..
416 3026 470 3059 ed.
489 3028 614 3059 HALM.
650 3027 727 3061 Vol.
746 3029 791 3060 ΙΙ.
1432 3032 1470 3061 11
