1987 3212
196 63 246 103 18
713 71 1005 110 QUINTILIANI
1036 71 1154 102 msr.
1189 71 1263 101 on.

128 177 332 231 mparat,
393 174 544 215 deinde
585 188 679 215 cum
717 173 972 227 proferenda
1011 176 1112 214 sunt
1150 173 1310 226 studia,
1354 169 1597 228 caligat'in
1627 173 1713 215 sole
1746 175 1788 214 et

195 244 338 285 omnia
370 257 482 283 noua
513 241 713 294 offendit,
754 243 802 282 ut
839 241 911 295 qui
951 242 1063 283 solus
1103 241 1299 283 didicerit
1336 242 1446 296 quod
1483 242 1597 282 inter
1632 241 1787 282 multos

125 316 181 358 20
195 311 441 352 faciendum
472 312 549 350 est.
608 309 732 350 mitto
764 309 997 364 amicitias,
1038 324 1144 364 quae
1184 310 1236 350 ad
1266 310 1530 350 senectutem
1560 324 1691 363 usque
1721 309 1788 349 fir-

195 378 382 419 missime
415 377 570 418 durant
600 377 801 432 religiosa
832 377 1014 432 quadam
1052 377 1373 419 necessitudine·
1404 377 1612 418 imbutae:
1652 391 1789 431 neque

196 446 309 487 enim
351 447 415 486 est
453 445 644 487 sanctius
685 446 817 486 sacris
855 445 989 486 isdem
1027 437 1342 500 quain'fstudiis
1380 444 1558 485 initiari.
1618 453 1824 486 sensum5

194 514 358 568 ipsum,
401 513 471 568 qui
504 513 739 554 communis
771 513 946 567 dicitur,
986 514 1058 554 ubi
1091 514 1246 567 discet,
1289 527 1383 553 cum
1414 527 1457 553 se
1489 528 1513 553 a
1544 527 1788 568 congressu,

195 582 267 637 qui
298 596 386 623 non
417 581 660 622 hominibus
692 581 840 634 solum,
874 581 946 622 sed
968 581 1096 622 mutis
1118 594 1283 636 quoque
1306 579 1560 621 animalibus
1582 580 1791 621 naturalis

127 659 178 699 21
196 652 273 704 est,
308 650 579 705 segregarit?
634 650 740 691 adde
779 649 890 704 quod
929 649 1041 690 domi
1081 664 1130 690 ea
1161 648 1255 689 sola>
1284 648 1444 689 discere
1482 650 1644 702 potest,
1683 662 1791 702 quae

195 718 278 773 ipsi
301 718 635 772 praecipientur,
659 718 704 758 in
727 717 871 759 schola
894 718 1022 758 etiam
1044 732 1152 772 quae
1175 717 1282 758 aliis.
1318 716 1461 757 audiet
1481 717 1616 758 multa
1639 716 1791 757 cotidie

195 786 383 841 probari,
417 785 552 826 multa
584 786 760 840 corrigi:
792 785 983 840 proderit
1014 785 1191 826 alicuius
1224 784 1448 839 obiurgata
1481 784 1662 838 desidia,
1696 798 1791 838 pro·
1813 792 1842 816 10

127 857 182 898 22
198 854 309 895 derit
339 854 512 894 laudata
542 853 774 894 industria:
808 853 1063 894 excitabitur
1093 852 1216 893 laude
1248 845 1506 906 aemulatio:
1522 855 1645 906 turpe
1668 852 1792 893 ducet

198 922 345 963 cedere
376 922 483 976 pari,
517 921 741 975 pulchrum
773 936 994 975 superasse
1024 921 1217 962 maiores.
1262 920 1503 961 accendunt
1523 920 1665 961 omnia
1685 919 1792 961 haec

197 990 376 1043 animos,
410 992 452 1030 et
481 989 583 1031 licet
612 989 706 1043 ipsa
736 989 887 1030 uitium
920 991 976 1030 sit
1007 989 1197 1042 ambitio,
1230 988 1476 1043 frequenter
1496 990 1641 1030 tamen
1666 1002 1792 1029 causa

127 1056 181 1097 23
197 1058 406 1099 uirtutum
438 1059 514 1098 est.
566 1071 654 1098 non
685 1056 882 1098 inutilem
914 1057 1001 1098 scio
1033 1059 1247 1098 seruatum
1279 1071 1369 1097 esse
1401 1071 1425 1097 a
1445 1056 1793 1111 praeceptoribus

196 1127 302 1167 meis
333 1139 515 1178 morem,
558 1125 628 1179 qui
667 1139 762 1166 cum
792 1140 945 1179 pueros
975 1125 1021 1165 in
1054 1125 1199 1166 classis
1231 1125 1559 1178 distribuerant,
1602 1124 1793 1165 ordinem
1813 1131 1844 1155 15

198 1193 363 1235 dicendi
399 1193 631 1234 secundum
660 1193 771 1233 uires
793 1192 958 1247 ingenii
981 1193 1156 1246 dabant,
1191 1194 1233 1233 et
1253 1193 1314 1233 ita
1335 1193 1549 1247 superiore
1570 1193 1662 1233 1000
1684 1192 1794 1246 quis-

129 1270 185 1310 24
198 1277 279 1317 que
310 1261 592 1315 declamabat,
626 1263 673 1301 ut
703 1261 957 1315 praecedere
988 1261 1183 1315 profectu
1214 1260 1452 1302 uidebatur.
1505 1261 1630 1302 huius
1651 1260 1793 1301 101111-

199 1330 310 1371 dicia
340 1329 676 1383 praebebantur:
710 1342 758 1369 ea
788 1329 911 1370 nobis
942 1329 1097 1383 ‘ingens
1129 1329 1284 1383 palma,
1319 1329 1471 1369 ducere
1493 1343 1594 1369 uero
1618 1328 1794 1369 classem

198 1397 332 1439 multo
362 1396 710 1451 pulcherrimum.
769 1411 849 1437 nec
881 1397 930 1437 de
962 1396 1042 1438 hoc
1073 1396 1201 1438 semel
1242 1397 1458 1437 decretum
1489 1399 1601 1437 erat:
1640 1396 1793 1437 tricen-

199 1467 330 1507 simus
361 1465 450 1506 dies
482 1464 686 1505 reddebat
706 1463 820 1505 uicto
844 1465 1089 1505 certaminis
1111 1465 1381 1518 potestatem.
1424 1465 1485 1505 ita
1506 1479 1585 1505 nec
1606 1465 1796 1518 superior
1815 1472 1848 1495 20

199 1548 397 1575 successu
430 1546 573 1574 curam
603 1531 865 1586 remittebat,
900 1534 942 1573 et
963 1532 1081 1573 dolor
1101 1532 1260 1573 uictum
1283 1532 1335 1572 ad
1358 1532 1651 1586 depellendam
1673 1532 1794 1587 igno-

130 1605 184 1646 25
198 1602 377 1643 miniam
416 1600 673 1642 concitabat.
739 1600 783 1641 id
820 1600 942 1641 nobis
983 1601 1164 1642 acriores
1204 1601 1257 1641 ad
1295 1600 1436 1641 studia
1474 1600 1641 1641 dicendi
1679 1600 1796 1641 faces

199 1669 437 1711 subdidisse
467 1683 594 1723 quam
626 1667 967 1710 exhortationem
998 1668 1256 1722 docentium,
1290 1667 1637 1722 paedagogorum
1661 1671 1796 1709 custo-

200 1738 327 1791 diam,
360 1739 462 1777 uota
493 1736 759 1790 parentium,
801 1735 1008 1791 quantum
1041 1737 1174 1778 animi
1204 1737 1287 1777 mei
1319 1737 1564 1777 coniectura
1596 1736 1796 1791 colligere

131 1813 185 1855 26
200 1820 386 1860 possum,
421 1804 724 1845 contenderim.
778 1805 847 1845 sed
882 1805 993 1846 sicut
1013 1805 1219 1846 firmiores
1240 1805 1286 1845 in
1308 1804 1461 1845 litteris
1483 1804 1699 1858 profectus
1722 1804 1798 1845 alit
1816 1812 1849 1837 25

201 1873 448 1927 aemulatio,
480 1872 542 1912 ita
572 1872 878 1927 incipientibus
911 1874 1037 1926 atque
1070 1872 1209 1913 adhuc
1229 1872 1389 1913 teneris
1412 1871 1797 1926 condiscipulorum

201 1957 331 1997 quam
362 1941 650 1995 praeceptoris
681 1941 906 1982 iucundior
935 1940 1016 1982 1100
1046 1941 1153 1995 ipso,
1187 1941 1296 1995 quod
1325 1940 1493 1981 facilior
1513 1940 1696 1981 imitatio
1718 1943 1796 1982 est.

200 2009 274 2050 uix
305 2009 419 2050 enim
450 2023 494 2049 se
526 2009 663 2062 prima
697 2009 907 2050 elementa
938 2009 991 2050 ad
1023 2024 1141 2063 spem
1171 2008 1319 2049 tollere
1352 2009 1636 2063 effingendae,
1670 2023 1798 2063 quam

202 2092 411 2119 summam
450 2078 627 2130 putant,
671 2076 936 2132 eloquentiae
977 2077 1213 2118 audebunt:
1252 2077 1446 2131 proxima
1487 2077 1799 2131 amplectentur

201 2145 355 2200 magis,
389 2146 437 2185 ut
466 2144 575 2185 uites
608 2145 830 2186 arboribus
863 2145 1090 2199 adplicitae
1111 2144 1334 2186 inferiores
1356 2146 1473 2199 prius
1496 2145 1797 2199 adprendendo
1817 2152 1849 2177 30

133 2213 186 2255 27
202 2227 342 2254 ramos
375 2213 421 2253 in
462 2213 684 2253 cacumina
723 2214 925 2254 euadunt.
986 2213 1097 2268 quod
1128 2213 1232 2254 adeo
1270 2227 1418 2253 uerum
1458 2214 1540 2267 est,
1581 2215 1630 2253 ut
1665 2213 1798 2266 ipsius

204 2282 333 2323 etiam
363 2280 580 2335 magistri,
623 2281 657 2321 si
696 2283 842 2322 tamen
881 2281 1117 2322 ambitiosis
1155 2280 1278 2322 utilia
1307 2280 1540 2335 praeferet,
1582 2280 1662 2322 1100
1694 2295 1799 2335 011113

204 2349 273 2402 sit,
308 2363 404 2390 cum
436 2348 574 2389 adhuc
604 2348 726 2390 rudia
756 2349 963 2390 tractabit
993 2349 1191 2404 ingenia,
1232 2363 1319 2390 non
1351 2349 1497 2390 statim
1528 2363 1705 2390 onerare
1736 2349 1799 2390 in-

296 2500 316 2530 3
340 2509 444 2540 usque
462 2498 691 2530 firmissimae
709 2499 738 2529 A
853 2499 874 2529 4
900 2498 1062 2530 munitae
1089 2500 1163 2531 eod.
1191 2500 1302 2530 Palat.
1419 2500 1438 2530 6
1464 2499 1515 2529 ibi
1540 2498 1568 2529 A
1595 2501 1613 2529 1
1631 2510 1669 2529 m.
1779 2499 1799 2530 8

207 2544 297 2575 adde
325 2544 417 2586 quod
442 2544 550 2575 ASb:
580 2548 619 2575 at
643 2543 712 2574 ΒΜ
806 2545 825 2575 9
851 2544 1004 2575 cottidie
1029 2545 1060 2575 A
1156 2545 1195 2575 10
1222 2544 1334 2575 alicui
1358 2545 1393 2575 M
1503 2545 1542 2574 1⁶3
1568 2543 1693 2575 cedere
1719 2545 1801 2585 pari

206 2589 384 2629 pulchrum
408 2600 603 2630 superasse
628 2590 657 2620 A
752 2590 792 2621 15
819 2589 957 2620 classes
982 2588 1041 2624 Ας
1124 2589 1390 2621 distribuerant
1414 2589 1504 2619 BM:
1533 2588 1800 2621 distribuerent

205 2635 294 2665 ASb
392 2637 430 2665 16
458 2635 536 2665 loeo
562 2635 611 2666 Bn
637 2646 726 2668 corr.
747 2645 793 2666 eac
818 2634 925 2676 loquo
1020 2636 1060 2666 17
1087 2635 1192 2666 huius
1218 2653 1261 2656 —
1288 2634 1561 2676 praebebantur
1585 2645 1648 2666 om.
1673 2636 1702 2665 A
1729 2637 1797 2666 Im.

278 2682 317 2710 18
336 2680 458 2720 palma
482 2680 563 2713 AB:
591 2679 714 2722 palma
733 2681 920 2712 contentio
946 2682 977 2719 S,
1004 2680 1124 2721 palme
1150 2681 1185 2710 M
1211 2680 1302 2720 (add.
1329 2682 1362 2711 in
1386 2690 1448 2721 my.
1477 2679 1697 2721 contencio),
1724 2679 1799 2721 pal-

208 2734 288 2755 mae
316 2727 502 2756 eontentio
528 2727 617 2760 ab&
728 2728 768 2757 19
793 2726 1028 2757 tricensimus
1053 2727 1097 2756 A:
1125 2726 1332 2757 tricesimus
1358 2726 1414 2756 Ba
1439 2730 1471 2756 el
1495 2727 1568 2758 rell.
1677 2727 1717 2756 21
1747 2736 1799 2756 re-

206 2768 412 2809 pellendam
441 2772 475 2809 T,
505 2771 761 2813 depellendum
787 2772 822 2802 M
938 2772 980 2802 23
1005 2772 1270 2803 exortationem
1296 2772 1322 2802 B
1452 2771 1495 2801 24
1520 2770 1725 2812 parentium
1751 2771 1798 2801 A:

208 2818 398 2854 parentum
417 2816 512 2845 BMS
607 2819 648 2848 27
675 2816 926 2858 praeceptoris
943 2817 982 2855 A,
1010 2818 1072 2848 sed
1097 2827 1111 2848 s
1137 2818 1170 2848 iu
1196 2828 1265 2848 ras.
1290 2817 1416 2848 maiore
1508 2817 1551 2848 29
1578 2815 1798 2856 amplecten-

206 2863 264 2890 tur
289 2861 334 2890 A:
361 2860 630 2901 amplcetuntur
648 2863 751 2902 BLS,
781 2862 1053 2903 amplectantur
1070 2863 1104 2893 Μ
1197 2864 1240 2894 30
1266 2861 1466 2904 applicitae
1484 2861 1513 2892 A
1597 2861 1799 2903 adprehen-

207 2904 323 2936 dendo
348 2906 424 2945 Mb,
452 2907 787 2947 appraehendendo
813 2908 842 2938 A
936 2909 974 2939 31
1004 2908 1114 2949 ipsius
1131 2908 1171 2947 A,
1200 2908 1272 2949 ipsi
1295 2908 1316 2938 b
1409 2908 1451 2939 32
1477 2907 1654 2949 magistro
1680 2905 1753 2938 A¹b
