1955 3228
630 129 677 160 11.
734 125 786 169 15,
818 123 989 154 »πμ-38.
1042 121 1094 162 16,
1132 120 1159 149 1.
1611 103 1688 143 103

103 240 365 284 substantiae
395 236 576 277 maxime
607 229 832 274 conueniet
871 226 1028 277 finitio,
1066 221 1373 263 rhetoricen
1412 230 1521 258 esse
1562 216 1688 255 bene

105 307 311 351 dicendi
352 302 649 346 scientiam.
712 311 812 337 nam
851 296 893 335 et
931 291 1134 333 orationis
1173 301 1318 329 omnes
1350 285 1530 326 uirtutes
1561 281 1687 323 semel

107 374 388 429 conplectitur
419 373 461 411 et
492 367 683 423 protinus
715 364 841 405 etiam
872 373 1008 413 mores
1039 356 1238 407 oratoris,
1282 368 1375 394 cum
1413 352 1520 392 bene
1553 350 1689 390 dicere

107 458 191 485 non
221 441 354 496 possit
383 437 465 479 nisi
496 437 645 476 bonus.
707 431 817 472 idem
854 427 970 468 ualet
1001 422 1226 478 Chrysippi
1257 420 1354 460 finis
1384 419 1454 459 ille
1486 418 1635 458 ductus
1667 430 1690 455 a

72 507 325 557 sGleanthe,
359 504 587 546 scientia
617 501 761 542 recte
793 493 1019 537 dicendi.
1080 492 1179 532 sunt
1208 488 1349 543 plures
1380 485 1585 537 eiusdem,
1619 483 1689 524 sed
1705 484 1759 524 35

107 577 159 618 ad
190 575 291 616 alias
323 562 590 628 quaestiones
622 566 756 621 magis
787 562 1020 617 pertinent.
1079 558 1190 598 idem
1229 555 1361 596 sentit
1399 555 1440 593 et
1478 552 1574 592 finis
1614 550 1691 590 hoc

86 644 230 686 -modo
263 654 534 695 conprensus,
566 632 886 692 persuadere
917 626 1051 682 quod
1082 624 1345 678 oporteat,
1377 620 1458 660 nisi
1491 618 1599 672 quod
1631 631 1692 657 ar-

109 715 194 753 tem
225 710 277 751 ad
308 709 466 750 exitum
497 705 659 759 alligat.
717 701 825 741 bene
858 697 1012 736 Areus:
1052 692 1230 732 dicere
1269 686 1550 729 secundum
1590 684 1760 726 uir-36

110 781 273 820 tutem
319 773 594 816 orationis.
658 766 887 810 excludunt
925 778 949 803 a
987 758 1194 801 rhetorice
1242 756 1374 796 malos
1413 756 1454 794 et
1498 752 1580 804 illi,
1611 750 1693 804 vqui

62 865 92 889 ιο
111 845 332 887 scientiam
366 842 552 883 ciuilium
584 836 819 879 officiorum
851 845 943 872 eam
973 827 1254 882 putauerunt,
1296 823 1331 863 si
1362 820 1585 862 scientiam
1614 818 1695 858 uir-

110 915 246 954 tutem
276 910 478 961 iudicant,
512 905 583 947 sed
607 904 787 958 anguste
809 900 1004 951 intraque
1028 894 1172 936 ciuiles
1195 890 1462 947 quaestiones
1487 888 1693 928 coercent.

112 979 310 1020 Albutius
350 991 437 1018 non
478 974 679 1015 obscurus
720 970 934 1024 professor
981 966 1105 1016 atque
1145 962 1291 1000 auctor
1330 955 1550 997 scientiam
1590 954 1697 994 bene

113 1046 277 1088 dicendi
310 1058 399 1086 esse
431 1039 657 1091 consentit,
691 1037 760 1078 sed
793 1031 1112 1086 exceptionibus
1134 1027 1283 1082 peccat
1305 1022 1523 1065 adiciendo
1556 1020 1699 1061 circa

115 1114 303 1156 ciuiles
340 1109 681 1166 quaestiones
720 1106 761 1144 et
802 1098 1161 1142 credibiliter:
1204 1106 1380 1148 quarum
1419 1090 1584 1142 utrique
1616 1087 1699 1127 iam

64 1202 96 1224 15
115 1194 363 1236 responsum
395 1179 471 1219 est.
523 1171 753 1230 probabilis
784 1171 825 1211 et
855 1167 916 1208 illi
938 1163 1188 1212 uoluntatis,
1219 1160 1287 1215 qui
1322 1159 1466 1200 recte
1497 1170 1583 1196 sen
1596 1154 1697 1194 tire
1715 1156 1766 1196 37

116 1252 166 1291 et
195 1249 371 1289 dicere
402 1243 632 1286 rhetorices
663 1237 935 1294 putauerunt.

227 1315 285 1356 Hi
316 1315 416 1355 sunt
445 1312 533 1353 fere
564 1310 669 1350 fines
700 1305 882 1347 maxime
913 1301 1112 1342 inlustres
1145 1299 1185 1338 et
1217 1296 1266 1336 de
1298 1293 1448 1348 quibus
1478 1288 1703 1344 praecipue

117 1384 370 1438 disputatur.
441 1394 541 1420 nam
579 1375 715 1417 omnis
756 1371 923 1427 quidem
962 1366 1157 1422 persequi
1198 1376 1333 1416 neque
1376 1358 1531 1399 attinet
1568 1369 1703 1409 neque

118 1465 302 1506 possum,
337 1463 429 1489 cum
461 1459 639 1501 prauum
671 1440 893 1496 quoddam,
926 1438 973 1476 ut
1005 1434 1207 1484 arbitror,
1248 1427 1432 1469 studium
1465 1425 1574 1466 circa
1606 1421 1705 1462 scri-

68 1537 100 1561 20
119 1521 260 1574 ptores
300 1516 454 1565 artium
493 1510 699 1562 extiterit,
740 1506 846 1548 nihil
884 1503 1016 1545 isdem
1052 1499 1218 1551 uerbis,
1259 1509 1365 1550 quae
1404 1493 1518 1546 prior
1556 1488 1704 1542 aliquis

120 1586 390 1640 occupasset,
431 1580 604 1623 finiendi
617 1612 626 1632 ,
667 1590 772 1630 quae
811 1571 985 1615 ambitio
1017 1567 1163 1623 procul
1195 1564 1331 1605 aberit
1362 1576 1385 1601 a
1423 1574 1502 1600 me.
1566 1557 1703 1597 dicam
1719 1559 1770 1599 38

122 1654 234 1695 enim
265 1667 351 1693 non
383 1650 527 1704 utique
558 1660 662 1701 quae
693 1644 917 1692 inuenero,
960 1637 1031 1678 sed
1063 1648 1168 1689 quae
1199 1630 1448 1687 placebunt,
1489 1626 1598 1666 sicut
1628 1623 1705 1663 hoc

121 1719 427 1762 rhetoricen
470 1729 581 1757 esse
626 1714 756 1753 bene
805 1705 1015 1748 dicendi
1056 1699 1361 1748 scientiam,
1407 1708 1500 1735 cum
1541 1692 1708 1745 reperto

123 1788 232 1844 quod
263 1789 327 1828 est
357 1784 577 1839 optimum,
610 1780 680 1834 qui
713 1776 877 1832 quaerit
909 1771 1036 1824 aliud,
1071 1769 1188 1823 peius
1219 1765 1334 1806 uelit.
1377 1762 1443 1802 his
1466 1757 1709 1814 adprobatis

73 1872 105 1895 ‘25
124 1855 247 1898 simul
277 1852 550 1894 manifestum
582 1850 645 1889 est
666 1845 768 1886 illud
790 1854 966 1897 quoque,
997 1851 1121 1892 quem
1142 1835 1270 1876 finem
1291 1831 1359 1872 uel
1380 1829 1478 1884 quid
1501 1839 1709 1868 summum

125 1926 165 1965 et
195 1923 391 1964 ultimum
420 1919 576 1960 habeat
607 1912 828 1963 rhetorice,
860 1907 967 1962 quod
999 1908 1122 1947 τέλος
1153 1901 1317 1951 dicitur,
1352 1898 1403 1938 ad
1434 1894 1543 1950 quod
1574 1891 1709 1933 omnis

126 2006 194 2032 ars
224 1989 381 2030 tendit:
423 2001 521 2027 nam
553 1984 587 2025 si
619 1984 682 2023 est
713 1981 805 2034 ipsa
835 1977 941 2017 bene
981 1971 1147 2013 dicendi
1178 1967 1376 2018 scientia,
1415 1963 1512 2004 finis
1552 1960 1638 2001 eius
1671 1961 1712 1999 et

127 2071 334 2100 summum
367 2057 430 2096 est
458 2054 566 2094 bene
598 2050 749 2090 dicere.
1723 2056 1742 2066 t

240 2123 356 2166 XVI.
408 2120 605 2175 Sequitur
634 2114 837 2171 quaestio,
870 2126 930 2152 an
962 2107 1113 2149 utilis
1145 2100 1434 2144 rhetorice.
1495 2110 1595 2137 nam
1626 2094 1712 2147 qui-

78 2210 110 2234 30
131 2195 226 2235 dam
256 2191 529 2233 uehementer
558 2187 603 2226 in
625 2198 716 2225 eam
738 2179 884 2222 inuehi
906 2177 1056 2228 solent,
1091 2176 1132 2214 et
1153 2170 1262 2225 quod
1284 2169 1339 2209 sit
1359 2162 1713 2220 indignissimum,

222 2322 240 2350 ·2
267 2318 421 2350 scientia
447 2313 487 2345 A*
605 2313 624 2342 3
651 2310 759 2341 etiam
788 2315 904 2337 mores
930 2305 975 2334 A:
1002 2309 1118 2331 mores
1145 2297 1254 2327 etiam
1280 2295 1352 2324 rell.
1381 2293 1449 2322 noli
1562 2290 1581 2319 4
1608 2287 1715 2327 possit

133 2367 197 2397 nisi
221 2366 249 2395 A
341 2363 455 2393 bonus
480 2360 551 2390 Ba:
579 2357 738 2387 bonusus
763 2353 791 2383 A
818 2355 893 2381 ‹mle›
921 2358 988 2379 ras,
1015 2350 1097 2380 <nnn
1125 2344 1237 2372 bonus
1264 2339 1347 2378 uir),
1373 2338 1429 2367 uir
1455 2336 1568 2366 bonus
1595 2336 1638 2363 nt,

134 2412 153 2441 6
180 2409 289 2441 sentit
315 2412 348 2438 et
377 2406 559 2446 Spalfltugs:
587 2400 740 2431 sentiret
764 2397 848 2427 ΑΒΗ
872 2399 903 2425 et
930 2391 1101 2429 ‹¹01‘7‘.Bg,
1129 2386 1303 2418 sentirent
1322 2384 1373 2422 Bg
1400 2384 1416 2412 Ι
1435 2392 1473 2410 m.
1501 2378 1634 2408 sentiet
1652 2376 1716 2404 (luo

141 2454 299 2486 Voss-iani
412 2454 430 2479 δ’
459 2449 589 2484 alligat
613 2445 691 2477 AB:
721 2443 852 2480 alligat
879 2445 914 2469 at
938 2440 987 2471 bg
1082 2442 1162 2464 reus
1189 2430 1325 2461 diceret
1351 2428 1379 2458 A
1508 2424 1526 2453 9
1553 2420 1664 2452 malos
1689 2420 1717 2449 A

136 2506 167 2532 z'7z
192 2509 262 2531 ras.
403 2498 442 2525 1o
468 2492 668 2523 officiorum
696 2499 773 2519 eain
802 2484 1021 2526 putauerunt
1047 2497 1088 2500 ——
1113 2476 1279 2508 iudixant
1304 2474 1346 2503 B:
1374 2469 1572 2500 officiorum
1600 2475 1716 2495 ueram

136 2550 296 2578 (uemnz
326 2539 410 2581 lm)
437 2537 626 2570 scientiam
655 2535 817 2564 uirtutum
851 2529 939 2569 (tum
966 2527 1052 2557 nuli
1083 2523 1245 2553 iudicant
1271 2519 1315 2551 A,
1348 2519 1421 2546 ilrm
1447 2526 1484 2543 m.
1510 2514 1529 2542 3
1556 2513 1587 2541 iu
1613 2520 1716 2548 marg).

136 2592 207 2630 Bg,
236 2599 313 2619 eam
341 2587 561 2628 putauerunt.
586 2597 628 2602 —
654 2577 817 2609 iudicant
843 2586 902 2606 om,
928 2572 1033 2609 MSb3
1067 2570 1219 2608 aplmrel'
1238 2566 1269 2594 1¹11
1294 2564 1323 2592 A
1351 2564 1414 2592 Im,
1461 2567 1601 2598 pat-nam
1627 2558 1718 2584 laen-

137 2646 212 2667 nam
235 2634 358 2675 fuisse:
386 2629 584 2661 officiorum
612 2623 703 2665 [cam
732 2619 965 2662 putajuerunt
993 2612 1051 2657 [si]
1077 2611 1265 2643 scientiam
1294 2610 1462 2636 uirtutem
1491 2602 1653 2631 iudicant

187 2682 223 2710 11
252 2680 418 2717 intraque
445 2674 522 2704 AB:
551 2675 725 2709 utraeque
751 2667 784 2704 b,
809 2666 906 2694 iutra
932 2665 975 2694 al,
1114 2656 1204 2687 uiles
1229 2654 1266 2690 B,
1291 2653 1352 2681 sea!
1376 2659 1464 2680 (Ὁιϊ.
1490 2648 1521 2677 in
1547 2655 1650 2683 many.
1669 2644 1720 2681 Bg

186 2727 357 2755 coercent
384 2723 432 2756 (in
458 2730 524 2749 ras.
549 2719 630 2753 Im.)
658 2709 915 2742 nalbueiusA
1031 2705 1069 2735 12
1097 2708 1196 2732 actor
1212 2698 1326 2736 Spald.
1355 2695 1439 2725 enni,
1465 2692 1539 2722 coll.
1559 2691 1589 2723 2,
1612 2691 1662 2723 12,
1679 2690 1719 2718 12

141 2776 172 2802 et
199 2770 266 2801 Cic.
294 2768 392 2798 Brut.
419 2778 446 2798 (·.
474 2765 514 2795 89
540 2766 629 2792 eaelr.
726 2758 764 2787 13
791 2753 975 2785 consensit
999 2751 1024 2780 B
1134 2747 1173 2775 14
1200 2742 1338 2781 utrique
1365 2741 1433 2769 iam
1459 2738 1503 2767 A:
1538 2735 1606 2764 iam
1634 2733 1720 2762 utri·

144 2825 211 2855 que
236 2815 262 2845 B
396 2812 434 2841 18
460 2816 584 2839 omncs
609 2805 664 2835 Ab
802 2802 844 2829 ⁴21)
872 2797 981 2828 isdem
1008 2795 1052 2825 A:
1080 2790 1214 2822 eisdem
1240 2787 1266 2816 B
1403 2785 1442 2813 21
1472 2778 1621 2811 finiendi
1645 2778 1720 2808 Ab:

143 2858 300 2891 finiendo
324 2857 350 2887 B
444 2851 593 2884 ambitio
620 2857 759 2889 quoquc
787 2842 907 2885 procul
934 2843 955 2872 b
1055 2838 1096 2867 26
1123 2841 1157 2866 et
1183 2832 1344 2863 ultimum
1372 2840 1431 2859 um.
1457 2825 1496 2856 A¹
1602 2823 1644 2854 28
1671 2822 1723 2851 ‹li-

147 2915 240 2937 cere.
280 2902 338 2934 AN
361 2899 524 2932 L'Tlcls
542 2896 603 2926 AB
696 2895 737 2923 31)
763 2889 875 2920 inne-Izi
892 2888 920 2917 A
1012 2883 1049 2913 fit
1075 2878 1323 2919 indignissime
1346 2874 1495 2910 Gens-(er,
1522 2871 1592 2910 ipse
1617 2868 1723 2898 malim

147 2954 203 2982 est
228 2945 518 2988 indigi‘xissiuium
