1939 3228
94 549 110 573 5

12 891 17 893 ’
76 891 106 916 10

4 2114 7 2118 ’
62 2142 65 2143 ⁷
114 2112 232 2154 nulla
262 2113 457 2170 intellegi
489 2116 577 2157 fere
614 2120 747 2171 possit
788 2121 936 2162 oratio.
999 2137 1098 2163 nam
1138 2139 1219 2178 qno
1258 2126 1381 2167 modo
1419 2127 1542 2168 iudex
1575 2129 1716 2170 doceri

63 2262 95 2286 30

642 162 706 194 ix.
772 163 804 208 1,
827 139 1001 199 37-215.
1035 167 1069 212 ²2,
1096 167 1220 200 1—2.
1655 164 1733 206 123

133 276 279 303 rursus
318 264 437 318 quasi
472 265 525 306 ad
563 265 831 322 interrogata
861 266 940 311 s'ibi
979 271 1070 326 ipse
1109 274 1385 329 respondeat,
1426 277 1473 317 ut
1505 278 1654 319 contra
1685 292 1734 320 ae
1747 279 1802 320 43

138 330 252 372 dieat
283 332 495 387 accipiet
525 334 674 376 sentiri
706 336 830 391 uelit,
871 339 920 379 ut
950 339 1195 396 addubitet,
1236 343 1337 397 quid
1375 344 1516 398 potius
1549 347 1623 387 aut
1653 361 1734 401 quo

131 398 254 440 modo
275 399 403 455 dieat,
437 403 484 442 ut
505 402 668 445 diuidat
688 404 733 445 in
754 406 903 460 partis,
936 409 983 448 ut
1011 407 1170 463 aliquid
1202 411 1417 466 relinquat
1439 415 1481 454 et
1510 414 1730 469 neglegat,

132 469 177 508 ut
208 470 308 509 ante
339 471 623 525 praemuniat,
656 474 704 513 ut
734 473 780 514 in
812 488 860 515 eo
891 474 998 529 ipso,
1033 476 1077 517 in
1109 492 1190 532 quo
1221 481 1525 536 reprendatur,
1562 482 1732 537 eulpam

127 535 172 576 in
204 536 496 579 aduersarium
519 539 726 595 conferat,
761 543 807 582 ut
828 556 955 597 saepe
979 558 1073 585 cum
1102 545 1168 600 iis,
1200 547 1271 601 qui
1295 549 1488 603 audiunt,
1522 551 1798 593 nonnum-44

128 617 256 658 quam
288 605 417 647 etiam
449 617 544 649 cum
575 608 819 651 aduersario
851 611 972 664 quasi
1005 613 1230 669 deliberet,
1265 618 1311 657 ut
1341 616 1562 660 hominum
1594 634 1731 661 mores

126 686 426 729 sermonesque
458 675 686 732 describat,
720 680 767 719 ut
796 681 915 720 mut-a
947 681 1153 735 quaedam
1196 683 1416 738 loquentia
1446 687 1642 741 inducat,
1687 691 1732 730 ut

127 740 180 782 ab
225 755 273 783 eo
319 744 430 797 quod
477 745 621 800 agitur
666 748 833 788 auertat
880 749 1067 804 animos,
1116 753 1163 792 ut
1208 767 1334 808 saepe
1380 754 1423 795 in
1466 754 1729 797 hilaritatem

125 809 310 852 risumue
358 815 603 866 conuertat,
650 816 706 861 ut¹
745 817 846 857 ant-e
885 821 1085 873 occupet,
1126 821 1233 875 quod
1276 822 1421 864 uideat
1459 824 1640 878 opponi,
1683 827 1729 865 ut

126 881 344 933 comparet
374 880 689 937 similitudines,
724 886 770 925 ut
800 886 945 926 utatur
976 888 1192 943 exemplis,
1226 892 1271 931 ut
1294 890 1407 932 aliud
1430 891 1502 932 alii
1533 892 1726 935 tribuens

125 945 371 1002 dispertiat,
411 951 460 990 ut
497 950 865 1006 interpellatorem
905 959 1118 1011 coerceat,
1167 960 1214 999 ut
1260 957 1418 1014 aliquid
1465 961 1643 1003 reticere
1682 977 1726 1003 se

124 1014 258 1070 dicat,
302 1019 349 1057 ut
387 1017 613 1061 denuntiet
650 1020 748 1075 quid
791 1025 992 1077 caueant,
1035 1027 1081 1066 ut
1120 1026 1293 1068 liberius
1330 1028 1430 1082 quid
1463 1029 1636 1083 audeat,
1679 1032 1726 1072 ut

123 1082 334 1125 irascatur
365 1086 508 1141 etiam,
542 1089 589 1129 ut
618 1088 817 1144 obiurget
848 1091 1091 1148 aliquando,
1124 1097 1169 1135 ut
1193 1095 1456 1150 deprecetur,
1491 1100 1537 1138 ut
1569 1098 1727 1153 suppli-

125 1153 203 1206 cet,
237 1155 284 1194 ut
315 1153 554 1211 medeatur,
587 1159 634 1198 ut
667 1172 690 1198 a
721 1160 940 1214 proposito
973 1161 1157 1204 declinet
1190 1163 1458 1219 aliquantum
1468 1198 1478 1218 ,
1515 1168 1559 1207 ut
1589 1170 1722 1222 optet,

89 1233 102 1257 ⁷2
124 1223 171 1262 ut
202 1214 456 1278 exsecretur,
489 1226 536 1265 ut
558 1225 633 1266 fiat
663 1225 727 1280 iis,
761 1229 873 1282 apud
896 1244 998 1284 quos
1029 1230 1153 1286 dicet,
1187 1232 1426 1274 familiaris.
1470 1237 1595 1290 atque
1618 1236 1724 1278 alias
1737 1237 1792 1278 45

123 1289 252 1331 etiam
285 1290 453 1333 dicendi
485 1294 605 1347 quasi
638 1295 818 1337 uirtutes
850 1301 1071 1353 sequetur,
1107 1300 1383 1356 breuitatem,
1425 1304 1457 1344 si
1492 1318 1558 1344 res
1590 1307 1721 1360 petet,

121 1373 247 1413 saepe
279 1359 409 1401 etiam
440 1376 529 1403 rem
561 1362 741 1406 (licendo
772 1366 953 1407 subiciet
974 1369 1121 1422 oculis,
1155 1384 1281 1424 saepe
1309 1386 1435 1426 supra
1468 1374 1576 1414 feret
1596 1389 1723 1428 quam

121 1427 212 1468 fieri
242 1429 396 1483 possit:
434 1430 694 1486 significatio
727 1448 853 1488 saepe
885 1436 966 1476 erit
996 1437 1132 1478 maior
1162 1454 1290 1493 quam
1321 1441 1470 1494 oratio,
1505 1457 1629 1496 saepe
1661 1442 1721 1484 hi-

120 1495 281 1550 laritas,
314 1511 441 1552 saepe
473 1499 588 1541 uitae
621 1504 956 1559 naturarumque
989 1505 1183 1548 imitatio.
1225 1507 1304 1549 hoe
1336 1508 1380 1549 in
1413 1524 1569 1564 genere
1602 1511 1720 1566 (nam

68 1576 82 1599 ι’
119 1564 239 1618 quasi
262 1565 414 1607 siluam
435 1567 572 1622 uides)
596 1570 734 1611 omnis
756 1571 921 1614 eluceat
949 1576 1116 1628 oportet
1138 1575 1405 1630 eloquentiae
1428 1579 1718 1633 magnitudo&

232 1632 287 1674 Π.
328 1634 445 1690 Ergo
478 1636 545 1677 cui
583 1637 710 1680 latius
751 1641 975 1696 complecti
1016 1644 1374 1687 conformationes
1418 1647 1640 1689 uerborum
1672 1666 1720 1691 ae

118 1702 429 1744 sententiarum
450 1705 672 1761 placuerit,
697 1707 826 1749 habet
849 1710 958 1764 quod
982 1714 1196 1766 sequatur,
1230 1728 1309 1755 nee
1339 1714 1561 1757 adfirmare
1584 1718 1720 1759 ausim

118 1770 347 1826 quidquam
379 1787 470 1814 esse
492 1774 656 1829 melius,
691 1776 761 1817 sed
786 1776 889 1820 haec
914 1780 965 1819 ad
997 1781 1205 1835 propositi
1237 1783 1319 1824 mei
1342 1784 1554 1826 rationem
1585 1786 1715 1841 legat.

117 1853 217 1878 nam
249 1839 354 1881 mihi
386 1841 436 1882 de
468 1842 519 1883 iis
551 1845 862 1887 sententiarum
900 1848 1048 1901 figuris
1081 1849 1219 1891 dicere
1242 1851 1285 1892 in
1320 1852 1463 1893 animo
1496 1857 1572 1907 est,
1607 1871 1714 1909 qnae

66 1918 79 1941 ι
118 1905 170 1947 ab
202 1907 275 1948 illo
298 1908 480 1963 simplici
504 1912 626 1953 modo
648 1912 867 1956 indicandi
891 1917 1108 1971 recedunt,
1141 1918 1249 1972 qnod
1273 1920 1375 1961 item
1400 1922 1543 1963 multis
1565 1923 1717 1965 ‹loetis-

116 1975 233 2016 simis
265 1977 368 2018 uiris
400 1978 522 2021 uideo
555 1980 780 2034 placuisse.
844 1985 987 2025 onmia
1018 1988 1163 2027 tamen
1196 1987 1283 2041 illa,
1319 1989 1446 2030 etiam
1478 2006 1584 2045 quae
1617 1992 1756 2034 sunt?

115 2043 428 2087 alteriusmodi
461 2046 647 2103 lumina,
691 2050 794 2091 adeo
826 2055 925 2093 sunt
959 2053 1137 2095 uirtutes
1179 2057 1405 2112 orationis,
1450 2062 1493 2099 ut
1533 2060 1624 2101 sine
1664 2061 1716 2102 iis

114 2183 270 2235 potest,
304 2182 339 2223 si
362 2183 472 2225 desit
493 2185 685 2227 inlustris
708 2187 968 2242 explanatio,
1003 2193 1252 2247 propositio,
1286 2195 1525 2249 promissio,
1563 2198 1713 2251 linitio,

115 2249 337 2305 seiunetio,
371 2253 580 2307 expositio
603 2256 845 2297 sententiae
869 2272 984 2311 suae,
1009 2259 1186 2302 rationis
1210 2265 1310 2317 apta
1335 2264 1562 2319 conclusio,
1596 2281 1714 2320 prae-

206 2425 221 2454 1
250 2435 293 2455 ae
320 2423 423 2456 dieat
447 2426 477 2456 A
502 2427 574 2458 Im.
601 2427 635 2458 in
660 2439 730 2460 ras.
757 2428 909 2462 aecidat
934 2433 997 2463 Mb
1091 2435 1109 2464 2
1138 2435 1370 2474 quomodieat
1394 2437 1420 2467 B
1449 2437 1525 2477 (scd
1548 2438 1598 2468 Bn
1626 2449 1713 2479 quo-

112 2479 169 2500 mo
264 2470 392 2510 dieat),
420 2474 488 2512 qust
514 2471 615 2503 dieat
639 2475 675 2503 M
791 2478 809 2507 ὃ
837 2476 871 2506 111
899 2484 1021 2518 parles
1047 2479 1114 2518 Ba,
1144 2481 1180 2510 in
1206 2482 1320 2521 portis
1346 2483 1409 2513 Mb
1528 2490 1563 2514 et
1588 2485 1710 2515 ABM:

113 2524 155 2545 ae
184 2514 251 2546 cie.
345 2518 364 2547 4
393 2518 624 2557 praenumiat
648 2519 691 2550 B:
720 2528 958 2560 praemoneat
983 2525 1095 2563 AMb,
1121 2527 1184 2557 sed
1206 2527 1235 2556 A
1262 2531 1407 2559 moneat
1433 2530 1503 2559 lm.
1531 2530 1563 2560 in
1582 2540 1651 2562 ras.

111 2562 131 2591 5
157 2560 187 2592 is
211 2561 252 2600 A,
279 2561 336 2593 his
361 2563 447 2592 Ma‘
519 2564 538 2593 6
564 2574 750 2596 sermones
777 2577 965 2609 moresque
992 2570 1069 2601 libri
1093 2571 1161 2603 ccv.
1280 2573 1299 2603 8
1327 2578 1474 2605 auertat
1498 2575 1620 2606 ABM:
1649 2586 1711 2607 au-

111 2608 182 2637 tem
210 2607 255 2637 ad
280 2608 300 2638 b
327 2604 457 2649 (auem
482 2620 546 2648 pro
573 2610 707 2651 auTaT)
825 2614 844 2643 9
872 2614 998 2646 uideat
1022 2616 1048 2646 B
1075 2621 1107 2647 ec
1132 2616 1199 2648 (lie.
1228 2617 1486 2653 uideaturAM
1604 2623 1644 2654 1Ο
1672 2627 1711 2653 ut

112 2649 205 2691 (ante
224 2650 363 2694 utatur)
390 2664 451 2686 om.
479 2654 549 2684 ΒΜ
620 2655 719 2687 aliud
745 2657 794 2688 ali
820 2659 849 2689 A
945 2662 982 2691 11
1010 2661 1206 2693 coherceat
1223 2664 1252 2693 A
1347 2666 1386 2696 12
1414 2666 1507 2706 quod
1534 2667 1553 2696 b
1649 2678 1710 2698 ca-

112 2700 223 2728 ueant
247 2698 314 2730 Cic.
342 2698 435 2730 libri:
462 2703 598 2732 eaueat
621 2701 729 2732 ABM
824 2707 862 2735 ut
888 2704 983 2745 (ante
1009 2706 1087 2746 lib.)
1115 2718 1175 2739 om.
1202 2709 1231 2738 A
1342 2712 1382 2741 14
1409 2712 1598 2744 medeatur
1625 2712 1710 2754 (me-

109 2741 233 2774 diatur
256 2745 285 2774 A
312 2744 398 2784 Im.)
427 2756 447 2776 a
474 2757 573 2788 prop.
598 2747 671 2777 AM
765 2748 994 2789 aliquantum
1021 2753 1103 2784 AB:
1131 2753 1400 2793 aliquantulum
1425 2758 1490 2791 Μς
1586 2761 1626 2790 15
1652 2758 1708 2790 his

110 2788 216 2819 ABM
310 2789 409 2821 dicet
433 2791 550 2823 AMb:
577 2792 667 2823 dicit
693 2794 718 2824 Β
815 2796 855 2826 16
880 2797 910 2827 si
937 2807 993 2828 res
1011 2798 1082 2828 BM
1108 2804 1139 2829 et
1160 2799 1298 2830 Cicero:
1325 2812 1383 2832 mn.
1404 2802 1432 2832 A
1459 2808 1488 2834 ec
1516 2804 1593 2836 mltl.
1618 2814 1707 2835 rece.

202 2835 242 2865 17
269 2835 478 2867 subiciet**
506 2837 596 2878 (et'ej
624 2839 738 2869 oeulis
763 2841 792 2870 A
888 2843 927 2873 18
955 2843 1073 2874 oratio
1098 2844 1214 2878 AMb:
1245 2846 1338 2877 ratio
1364 2848 1389 2877 B
1499 2850 1541 2880 20
1569 2850 1709 2891 magni-

110 2879 208 2911 tudo.
257 2879 321 2910 DE
350 2881 547 2914 FIGURIS
575 2883 958 2918 SENTENTIARUM
982 2889 1080 2919 BMa
1221 2891 1260 2920 22
1288 2893 1402 2923 ausim
1429 2893 1472 2924 B:
1507 2904 1633 2925 ausum
1659 2897 1706 2933 Μ,

111 2924 226 2956 audeo
252 2927 280 2956 A
305 2928 338 2957 in
360 2937 431 2959 ras,
456 2939 497 2961 m.
514 2931 552 2969 2,
587 2933 651 2960 aut
676 2930 757 2961 in.b
897 2934 939 2965 -23
972 2943 1152 2975 quoquam
1179 2934 1214 2976 (o
1241 2936 1273 2967 ἰπὶ
1298 2948 1384 2977 ras.)
1410 2939 1439 2968 A
1578 2941 1620 2971 24
1652 2940 1707 2972 his

109 2969 244 3005 ΑΒΜς
337 2971 455 3004 dicere
481 2984 542 3007 om.
569 2975 626 3006 Ab
720 2978 761 3006 '213
788 2977 896 3008 etiam
924 2982 1102 3019 quaestus
1128 2981 1148 3010 b
1263 2983 1304 3013 2?
1332 2983 1387 3015 his
1412 2984 1441 3014 A
1559 2986 1600 3017 ’28
1628 2986 1706 3018 fere

110 3015 190 3048 (leit.
216 3019 338 3057 pauci:
365 3028 452 3050 uere
469 3020 576 3051 ABM
668 3023 711 3054 29
730 3022 820 3054 desit
837 3023 866 3054 A
961 3026 1003 3057 30
1029 3025 1207 3058 orationis
1223 3026 1305 3070 BM,
1332 3033 1366 3061 αι
1385 3030 1429 3070 es.
1448 3031 1480 3072 9,
1500 3032 1530 3071 1,
1549 3033 1591 3063 28
1612 3036 1704 3066 emer,
