1939 3180
119 110 209 152 234,
643 116 938 155 QUINTILIANI
973 116 1092 145 INST.
1127 116 1201 146 011.

119 224 218 265 dum
250 223 435 278 diligens
468 220 606 274 stilus,
641 234 894 275 quaeramus
916 218 1079 274 optima
1110 233 1189 261 nec
1220 220 1415 274 protinus
1436 220 1724 262 ‘offerentibus

118 307 161 333 se
193 291 470 347 gaudeamus,
505 289 759 330 adhibeatur
789 286 994 328 iudicium
1017 276 1223 342 inuentis,
1257 288 1480 343 dispositio
1511 289 1723 344 probatis:

119 360 299 401 dilectus
332 359 445 400 enim
477 372 619 400 rerum
640 357 952 410 uerborumque
975 356 1166 411 agendus
1198 357 1263 398 est
1294 359 1336 397 et
1357 357 1547 411 pondera
1579 358 1720 414 singu-

120 430 254 470 lorum
294 426 594 469 examinanda.
658 427 754 479 post
793 422 944 466 subeat
982 424 1092 483 ratio
1114 424 1380 476 *conlocandi
1416 427 1723 481 uersenturque

118 496 234 538 omni
266 497 388 538 modo
420 495 601 548 numeri,
634 508 721 535 11011
743 494 791 534 *ut
822 492 1096 548 quodquese
1123 493 1312 548 proferet
1339 494 1514 534 uerbum
1545 498 1726 550 occupet

78 567 103 607 6
118 566 292 619 locum.⁸
316 580 423 620 quae
455 564 626 619 quidem
647 564 696 604 ut
718 561 967 617 diligentius
998 576 1269 616 exequamur,
1304 562 1535 616 repetenda
1557 564 1724 618 saepius

118 636 244 675 erunt
289 634 548 688 scriptorum
594 631 801 686 proxima.
864 645 965 671 nam
1005 632 1176 685 praeter
1214 630 1277 683 id,
1326 630 1435 685 quod
1477 632 1538 672 sic
1575 632 1725 673 melius
1777 660 1782 664 -

118 704 357 758 iunguntur
388 701 602 756 prioribus
633 699 869 754 sequentia,
905 698 1020 740 calor
1041 704 1206 754 quoque
1237 698 1308 740 1110
1332 699 1620 755 cogitationis,
1654 701 1722 755 qui

118 771 333 813 scribendi
364 785 483 812 mora
516 768 698 822 refrixit,
730 767 884 822 recipit
906 782 955 808 ex
984 767 1154 822 integro
1188 767 1298 808 uires
1322 770 1365 809 et
1395 767 1513 809 uelut
1542 769 1724 823 repetito

117 840 256 896 spatio
277 840 408 881 sumit
430 838 659 893 impetum:
693 837 805 891 quod
836 836 880 877 111
914 835 1147 877 certamine
1179 836 1361 877 saliendi
1393 836 1484 878 fieri
1515 837 1721 891 uidemus,

119 911 163 950 ut
196 911 396 950 conatum
427 906 600 962 longius
633 907 785 961 petant
816 907 858 946 et
890 905 941 946 ad
963 904 1081 958 illud,
1116 919 1197 959 quo
1221 905 1506 960 contenditur,
1539 907 1724 960 spatium

119 993 241 1019 cursu
272 978 491 1030 ferantur,
533 977 662 1030 utque
695 974 739 1015 iu
770 973 998 1015 iaculando
1029 972 1206 1014 brachia
1237 973 1476 1015 reducimus
1509 976 1551 1015 et
1582 975 1725 1029 expul-

79 1048 100 1088 7
118 1046 205 1088 suri
236 1046 321 1087 tela
351 1059 506 1087 neruos
538 1046 652 1085 retro
684 1043 913 1084 tendimus.
978 1042 1149 1083 iuterim
1179 1044 1338 1096 tamen,
1376 1042 1410 1083 si
1441 1042 1551 1084 feret
1581 1043 1722 1097 flatus,

118 1115 258 1156 danda
289 1117 390 1156 sunt
420 1113 537 1167 uela,
582 1112 681 1153 dum
720 1126 797 1153 nos
836 1110 1108 1166 indulgentia
1147 1110 1221 1151 illa
1259 1125 1347 1151 non
1383 1110 1529 1153 fallat:
1582 1112 1725 1153 omnia

119 1184 232 1225 enim
263 1185 425 1237 nostra,
461 1181 560 1223 dum
592 1182 845 1234 nascuntur,
868 1179 1075 1234 placent:
1117 1179 1274 1234 alioqui
1306 1194 1385 1220 nec
1417 1180 1719 1222 scriberentur.

1745 514 1759 537 5

1746 855 1754 879 l
1762 856 1777 879 (⁷)

1746 1197 1793 1223 15¹¹.

118 1252 191 1294 sed
223 1252 446 1293 redeamus
479 1250 532 1292 ad
563 1249 766 1291 iudicium
800 1251 842 1290 et
873 1250 1152 1290 retractemus
1181 1250 1424 1303 suspectam
1455 1248 1722 1291 facilitatem.
1743 1271 1751 1275 -

76 1320 178 1362 8510
210 1320 430 1375 scripsisse
454 1318 703 1361 Sallustium
726 1318 981 1372 accepimus,
1017 1319 1059 1358 et
1080 1331 1182 1358 sane-
1214 1316 1468 1358 manifestus
1501 1319 1565 1358 est
1597 1318 1724 1359 etiam

117 1405 165 1431 ex
198 1404 325 1445 opere
356 1389 449 1443 ipso
480 1387 614 1429 labor.
678 1386 914 1442 Vergilium
949 1400 1114 1441 quoque
1145 1386 1427 1440 paucissimos
1459 1385 1525 1426 die
1558 1400 1724 1442 compo-

117 1458 250 1499 suisse
282 1472 429 1499 uersus
468 1457 615 1497 auctor
654 1457 717 1496 est
748 1454 917 1496 Varius.
980 1454 1160 1496 oratoris
1199 1454 1367 1509 quidem
1408 1455 1492 1495 alia
1533 1455 1724 1497 condicio

77 1528 201 1569 9est:
240 1526 384 1581 itaque
416 1525 529 1566 hanc
563 1539 724 1566 moram
757 1525 799 1565 et
838 1523 1169 1565 sollicitudinem
1211 1523 1345 1564 initiis
1387 1523 1561 1578 impero.
1624 1540 1723 1566 nam

118 1596 301 1650 primum
323 1595 403 1636 1100
427 1593 792 1646 constituendum,
825 1592 905 1633 hoc
931 1593 1213 1647 optinendum
1235 1594 1313 1646 est,
1347 1594 1395 1633 ut
1416 1607 1541 1647 quam
1565 1593 1724 1648 optime

118 1664 375 1706 scribamus:
418 1663 683 1705 celeritatem
716 1661 835 1703 dabit
867 1661 1144 1702 consuetudo.
1207 1660 1413 1715 paulatii‘n
1454 1676 1519 1702 res
1557 1662 1724 1703 facilius

118 1747 161 1775 se
193 1732 437 1786 ostendent,
472 1732 603 1773 uerba
634 1730 978 1785 respondebunt,
1022 1729 1272 1784 compositio
1309 1731 1528 1784 sequetur,
1571 1733 1725 1771 cuncta

53 1802 104 1842 10
118 1802 299 1857 denique
339 1803 384 1842 ut
420 1801 465 1842 in
504 1799 669 1841 familia
710 1799 816 1840 bene
856 1798 1057 1840 instituta
1095 1798 1141 1839 in
1180 1798 1321 1839 officio
1361 1800 1497 1839 erunt.
1560 1813 1724 1839 summa

116 1870 223 1912 haec
265 1871 328 1911 est
366 1869 450 1910 rei:
508 1868 593 1910 cito
636 1867 860 1909 scribendo
899 1881 986 1908 11011
1028 1867 1073 1907 fit
1112 1869 1160 1908 ut
1197 1867 1306 1908 bene
1345 1867 1576 1920 scribatur,
1616 1867 1769 1909 'be11e25

117 1939 342 1980 scribendo
374 1938 423 1979 fit
455 1939 502 1978 ut
534 1937 631 1978 cito.
694 1937 766 1977 sed
799 1939 888 1977 tum
922 1936 1127 1989 maxime,
1171 1950 1265 1976 011111
1298 1934 1481 1976 facultas
1522 1935 1595 1976 illa
1628 1951 1723 1977 con-

118 2008 280 2063 tigerit,
315 2006 563 2049 resistamus
599 2003 662 2061 [ut
693 2004 1008 2061 prouideamus]
1043 2006 1085 2045 et
1108 2004 1322 2045 efferentis
1355 2018 1398 2045 se
1431 2018 1559 2058 equos
1590 2004 1724 2045 frenis

117 2076 370 2131 quibusdam
404 2088 686 2127 coerceamus,
719 2073 827 2128 quod
852 2088 938 2114 non
969 2075 1057 2113 tam
1090 2087 1251 2114 moram
1283 2072 1414 2113 faciet
1435 2086 1560 2127 quam
1592 2087 1726 2114 nouos

212 2252 226 2280 l
256 2261 298 2281 nc
326 2249 492 2291 protinus
519 2250 564 2287 M,
592 2259 658 2278 uec
689 2248 825 2289 primus
850 2248 870 2278 b
967 2246 1205 2279 efferentibus
1231 2247 1293 2277 Mb
1321 2244 1396 2285 (sed
1421 2247 1455 2276 M
1480 2248 1551 2278 sine
1577 2243 1632 2287 se)

117 2299 136 2328 2
163 2296 327 2327 inuentis
352 2296 388 2326 b:
417 2294 594 2326 intuentis
619 2294 690 2324 ΒΜ
822 2295 841 2325 3
867 2293 1011 2324 dilectis
1037 2294 1070 2333 b,
1099 2292 1266 2324 delectus
1292 2301 1311 2326 ς
1429 2292 1617 2323 habendus
1646 2294 1721 2323 vdrl.

117 2347 197 2374 neti.
316 2342 335 2372 4
361 2345 444 2383 post
469 2341 515 2371 B:
542 2343 673 2381 postea
699 2340 745 2378 M,
774 2341 895 2380 potest
921 2340 940 2369 b
1058 2341 1297 2379 uerseturque
1324 2339 1357 2379 b,
1386 2342 1553 2369 uersetur
1577 2338 1611 2368 M

117 2391 136 2420 5
163 2387 303 2419 numeri
330 2398 391 2419 om.
418 2388 453 2417 M
549 2386 715 2427 proferat
740 2386 777 2424 B,
805 2385 945 2426 profert
970 2386 1016 2423 M,
1044 2387 1217 2426 properet
1242 2385 1262 2414 b
1357 2386 1376 2415 6
1404 2386 1441 2415 ut
1468 2394 1530 2415 om.
1557 2384 1589 2422 b,
1617 2387 1656 2414 ut
1681 2400 1722 2404 *—

115 2434 335 2475 scriptorum
360 2444 421 2464 om.
448 2433 482 2462 M
599 2431 813 2471 exequimur
836 2431 857 2461 b
976 2432 992 2461 7
1020 2431 1239 2471 scriptorum
1264 2428 1415 2461 Badius:
1443 2430 1658 2470 scriptorem
1685 2430 1724 2467 Β,

117 2479 291 2521 scriptori
318 2479 399 2510 dett.
496 2480 642 2520 propter
667 2477 702 2507 M
796 2477 815 2508 S
843 2475 941 2508 color
967 2486 1037 2516 quo
1062 2477 1083 2507 b
1184 2476 1203 2507 9
1230 2485 1371 2507 morare
1398 2474 1478 2506 fixit
1501 2475 1527 2505 B
1554 2477 1626 2508 jm.
1655 2476 1722 2515 (re-

119 2525 223 2556 frixit
246 2525 295 2555 Bn
322 2525 355 2556 in
381 2534 443 2565 my.
473 2526 490 2555 1
510 2524 576 2561 nu),
604 2532 704 2553 mora
730 2521 850 2554 refixit
874 2523 909 2551 M
1020 2524 1060 2554 10
1086 2521 1221 2562 impetu
1250 2538 1292 2542 »-
1320 2524 1455 2552 conatu
1480 2522 1500 2552 b
1612 2521 1649 2551 11
1679 2520 1721 2550 ad

119 2570 218 2602 aliud
243 2571 263 2601 b
374 2571 414 2600 12
442 2569 617 2602 bracchia
642 2568 692 2598 Bn
803 2569 844 2599 13
870 2568 992 2599 neruis
1019 2568 1039 2598 b
1140 2567 1169 2598 si
1196 2567 1293 2597 feret
1317 2567 1361 2599 B:
1390 2565 1504 2597 sitiret
1528 2567 1561 2605 b,
1589 2566 1618 2598 si
1644 2566 1721 2596 fuc-

117 2617 164 2648 rit
189 2617 224 2646 M
318 2616 452 2647 flautus
477 2616 498 2646 b
595 2615 636 2645 15
664 2613 828 2654 alioquin
854 2614 917 2644 Mb
1014 2614 1054 2644 17
1081 2613 1134 2644 sic
1159 2613 1246 2644 BM:
1274 2612 1338 2643 sed
1363 2613 1383 2642 b
1489 2612 1526 2643 18
1552 2610 1676 2642 labore
1703 2611 1722 2640 b

208 2661 395 2703 uix-gilium
420 2662 489 2692 ΒΜ
591 2660 669 2690 dies
694 2660 714 2690 b
828 2661 865 2689 19
890 2658 1023 2690 Varius
1049 2658 1234 2699 Spalding:
1262 2668 1369 2688 uarus
1394 2658 1466 2688 ΒΜ
1583 2658 1620 2686 ’21
1651 2656 1721 2697 pri-

119 2718 213 2739 mum
240 2711 296 2738 est
324 2712 439 2740 const.
462 2708 483 2737 b
600 2707 642 2737 23
668 2704 839 2736 ostendet
864 2705 910 2743 M,
936 2704 1098 2736 ostendit
1121 2705 1142 2735 b
1259 2703 1518 2744 respondemus
1546 2702 1566 2731 b
1670 2712 1722 2732 se-

119 2756 250 2793 quetur
274 2753 317 2783 B:
347 2754 587 2794 prosequetur
612 2752 659 2791 M,
687 2753 927 2792 persequetur
954 2751 973 2780 b
1089 2751 1133 2781 24
1157 2749 1252 2780 bene
1278 2749 1321 2779 B:
1348 2759 1409 2780 om.
1435 2747 1498 2778 Mb
1615 2748 1656 2778 27
1686 2750 1724 2777 ut

121 2798 376 2839 prouideamus
394 2798 479 2829 BM:
510 2800 544 2828 ct
569 2796 712 2839 prouid,
730 2797 800 2836 ὐςς
828 2807 888 2826 nos
914 2800 1053 2827 amwre
1070 2794 1244 2826 Bursiano
1270 2797 1308 2825 ut
1335 2793 1473 2835 prouid.
1501 2797 1534 2823 ut
1556 2795 1721 2833 yles-sema

118 2845 324 2883 inclusimus,
357 2845 413 2884 qui
438 2844 519 2875 bene
545 2847 656 2873 monet
680 2843 762 2873 illud
786 2843 824 2872 ut
849 2852 894 2872 ea*
921 2841 979 2873 uel
1005 2845 1112 2873 ortum
1143 2841 1254 2872 uideri
1392 2841 1428 2870 et
1461 2838 1657 2869 efferentes
1684 2848 1720 2867 so

124 2889 288 2920 Burman:
317 2889 503 2921 efferentis
521 2889 596 2928 Mb,
626 2887 822 2919 efferentes
839 2887 876 2925 B,
907 2890 943 2918 ct
962 2887 1184 2918 ferocientes
1206 2885 1335 2917 Badius
1415 2894 1524 2927 qquos
1543 2883 1579 2923 B,
1610 2893 1701 2923 equo
1718 2905 1721 2913 ,

121 2945 209 2973 quos
235 2936 280 2972 M⁷
308 2935 413 2975 quasi
431 2934 577 2966 „Meister
601 2935 635 2965 in
655 2934 742 2964 Αιιη.
770 2933 883 2973 philol.
904 2932 1027 2972 (1863)
1047 2933 1110 2964 nol.
1128 2933 1181 2967 87,
1203 2933 1284 2963 190:
1311 2934 1344 2960 a!
1371 2930 1423 2959 his·
1448 2940 1511 2959 nrm
1539 2934 1587 2959 est
1613 2940 1720 2959 ‚vs-rum

120 2983 160 3011 ‹lc
183 2985 427 3021 pareceptum,
457 2981 511 3021 qni
536 2980 718 3021 efferentes
742 2990 777 3010 sc
804 2980 985 3019 discipulos
1010 2979 1190 3010 contineat.

1744 1542 1776 1567 20
