1939 3180
178 95 262 137 232
701 98 995 138 QUiN'rimANi
1028 97 1147 127 msr.
1182 98 1257 127 on.

180 206 469 263 appellatione
502 206 543 245 et
575 203 758 244 maxime
789 201 835 242 in
865 215 944 242 usu
973 200 1113 255 posita
1144 199 1414 255 significatur
1437 201 1552 241 certa
1573 199 1782 254 quaedam

183 275 425 316 sententiae
459 270 748 326 comprensio,
790 283 896 324 quae
936 283 987 310 ex
1023 268 1160 328 tribus
1198 268 1420 309 minimum
1458 268 1653 322 partibus
1686 282 1782 308 con-

142 345 282 387 ssstat.
335 341 506 396 quidam
537 339 796 394 epichirema
826 336 1088 394 rationem
1118 336 1412 392 appellarunt,
1456 335 1602 378 Cicero
1633 334 1783 376 melius

181 409 691 461 ratiocinationem,
725 419 981 460 quamquam
1013 396 1065 445 et*
1087 397 1156 445 ille
1177 418 1334 445 nomen
1355 404 1434 445 hoc
1457 403 1624 444 duxisse
1645 402 1784 458 magis

183 495 207 520 a
238 478 485 533 syllogismo
516 476 706 517 uidetur:
737 489 838 515 nam
860 475 903 514 et
924 474 1083 514 statum
1105 471 1414 526 syllogisticum
1435 470 1784 512 ratiocinatiuum
1804 488 1818 510 s.

184 546 374 601 appellat
405 544 691 598 exemplisque
723 542 859 583 utitur
879 539 1243 596 philosophorum.
1287 542 1330 580 et
1351 540 1553 594 quoniam
1575 540 1639 580 est
1660 552 1784 592 quae-

185 615 282 655 dam
312 614 427 655 inter
458 612 751 667 syllogismum
784 612 826 651 et
857 608 1115 663 epichirema
1146 607 1358 661 uicinitas7
1391 609 1532 662 potest
1551 606 1686 647 uideri
1707 605 1787 646 hoc

147 682 359 727 ‘lnomine
400 683 514 722 recte
553 680 722 721 abusus.
784 678 997 721 ἀπόδειξις
1036 678 1100 717 est
1138 675 1311 716 euidens
1349 675 1563 730 probatio,
1612 673 1788 728 ideoque

186 750 298 805 apud
329 751 569 805 geometras
600 748 825 800 γραμμικαὶ
855 746 1090 788 ἀποδείξει(
1131 744 1343 784 dicuntur.
1404 744 1515 800 hanc
1547 744 1589 783 et
1621 741 1673 782 ab
1705 740 1789 795 epi-

188 819 421 860 chiremate
461 816 671 858 Caecilius
711 815 836 869 putat
873 813 1041 854 differre
1088 811 1176 853 solo
1225 826 1382 867 genere
1424 809 1709 853 conclusionis
1748 811 1789 849 et
1812 827 1841 849 ιι»

188 902 279 929 esse
312 886 514 940 apodixin
546 884 833 938 inperfectum
864 881 1123 935 epichirema
1155 880 1300 921 eadem
1334 894 1472 933 causa,
1506 874 1588 933 qua
1609 877 1791 918 diximus

190 955 464 1009 enthymema
496 968 519 993 a
551 951 798 1006 syllogismo
831 950 1011 991 distare:
1051 963 1151 989 nam
1191 950 1233 989 et
1265 948 1523 1002 epichirema
1555 945 1792 1001 syllogismi

189 1038 288 1078 pars
328 1024 406 1064 est.
466 1021 638 1076 quidam
678 1019 817 1060 inesse
858 1017 1153 1072 epichiremati
1194 1016 1395 1071 apodixin
1420 1016 1591 1070 *putant
1630 1016 1673 1055 et
1703 1027 1793 1054 esse

151 1093 357 1146 8partem
389 1090 477 1131 eius
510 1088 848 1129 confirmantem.
906 1088 1130 1139 utrumque
1171 1087 1312 1125 autem
1351 1097 1607 1138 quamquam
1638 1081 1794 1123 diuersi

191 1162 384 1201 auctores
417 1157 562 1198 eodem
593 1155 717 1196 modo
755 1155 933 1204 finiunt,
976 1156 1023 1194 ut
1062 1154 1117 1193 sit
1157 1153 1266 1194 ratio
1305 1168 1380 1207 per
1418 1167 1489 1205 ea,
1531 1165 1639 1206 quae
1679 1136 1795 1192 certa
1816 1169 1846 1192 ιτ,

192 1230 305 1282 sunt,
339 1227 465 1267 fidem
498 1224 636 1265 dubiis
668 1223 887 1264 adferens:
928 1236 1034 1276 quae
1065 1223 1222 1262 natura
1255 1224 1319 1262 est
1349 1221 1539 1262 omnium
1572 1232 1796 1273 argumen-

191 1299 345 1349 torum,
377 1308 514 1349 neque
547 1292 659 1334 enim
693 1293 809 1332 certa
840 1290 1016 1332 incertis
1048 1289 1332 1330 declarantur.
1376 1288 1480 1329 haec
1504 1287 1647 1329 omnia
1669 1301 1796 1341 gene-

192 1364 340 1405 raliter
378 1364 533 1405 πὶετειε
574 1359 813 1415 appellant7
864 1358 973 1414 quod
1013 1357 1180 1399 etiamsi
1227 1357 1400 1411 propria
1442 1354 1797 1410 interpretatione

194 1432 333 1473 dicere
363 1430 527 1471 fidem
565 1442 812 1483 possumus,
854 1426 1041 1481 apertius
1072 1428 1213 1466 tamen
1255 1425 1627 1480 probationem
1668 1423 1797 1464 inter-

156 1499 474 1555 9pretabimur.
535 1497 607 1539 sed
648 1497 1017 1551 argumentum
1059 1509 1222 1549 quoque
1254 1494 1375 1548 plura
1408 1492 1637 1547 significat.
1698 1505 1798 1532 nam
1818 1509 1850 1533 :⁷0

198 1570 240 1609 et
270 1567 444 1609 fabulae
477 1567 527 1607 ad
561 1567 703 1606 actum
735 1578 985 1605 scaenarum
1019 1563 1277 1617 compositae
1309 1563 1564 1617 argumenta
1586 1559 1798 1612 dicuntur,

197 1638 239 1678 et
278 1635 519 1677 orationum
560 1633 777 1676 Ciceronis
816 1632 934 1673 uelut
980 1631 1125 1672 thema
1167 1629 1288 1687 [ipse]
1330 1643 1546 1684 exponens
1589 1627 1800 1669 Pedianus

197 1706 567 1760 argumentum
609 1702 750 1756 inquit
788 1700 896 1741 tale
936 1702 1031 1741 est:
1073 1701 1115 1740 et
1145 1700 1235 1753 ipse
1268 1698 1414 1740 Cicero
1447 1697 1499 1738 ad
1531 1696 1709 1738 Brutum
1741 1696 1802 1737 ita

199 1772 367 1814 scribit:
411 1771 616 1812 ueritus
658 1770 895 1811 fortasse
937 1783 1000 1809 ne
1042 1782 1134 1808 nos
1177 1767 1228 1807 in
1273 1766 1527 1808 Catonem
1566 1766 1802 1806 nostrum

290 1891 321 1921 3.
349 1888 392 1919 sle
418 1889 496 1919 Inu.
526 1889 551 1925 Ι,
580 1888 633 1920 31.
660 1887 714 1919 34.
855 1886 908 1916 22.
941 1883 1078 1915 similia
1104 1883 1342 1914 inueniuntur
1368 1882 1462 1924 apud
1490 1881 1705 1919 Aseonium,
1739 1879 1804 1912 sed

202 1945 272 1966 non
299 1936 377 1975 ipse
404 1934 463 1965 hic
490 1933 603 1966 locus.
699 1933 752 1963 23.
782 1942 822 1961 cx
854 1930 944 1960 lihro
971 1932 1112 1960 incerto
1142 1929 1181 1960 l'r.
1210 1930 1241 1959 2.

296 2039 309 2067 1
340 2035 592 2078 appellatione
618 2035 760 2074 scripsi:
788 2032 989 2075 appellatio
1016 2032 1093 2062 libr-i
1202 2031 1237 2061 in
1264 2041 1328 2061 usn
1356 2030 1476 2072 posita
1503 2028 1735 2071 significatur
1759 2028 1804 2058 B:

202 2084 240 2114 in
265 2092 332 2113 usu
359 2085 414 2112 est
440 2082 558 2122 posita
585 2091 655 2121 qua
682 2081 769 2120 (qua
795 2090 854 2110 om.
881 2077 940 2117 A¹)
968 2077 1093 2118 signif.
1120 2077 1208 2110 Abg
1285 2079 1287 2081 ’
1347 2077 1366 2107 2
1395 2077 1616 2116 compressio
1642 2075 1685 2114 B,
1720 2083 1804 2104 con-

203 2128 397 2170 prehensio
423 2128 451 2157 A
544 2126 731 2156 minimum
759 2124 919 2155 Obrecht:
947 2123 1093 2153 minime
1119 2123 1193 2162 Ab,
1221 2132 1280 2154 om.
1306 2122 1331 2152 B
1442 2122 1478 2152 in
1504 2121 1670 2161 partibus
1693 2120 1714 2150 b

203 2177 222 2206 3
250 2174 386 2215 quidam
419 2172 638 2213 epichirema
663 2172 692 2201 A
830 2172 850 2201 4
885 2168 1205 2200 ratiocinationem
1236 2167 1418 2198 l'lzz'lrmsler
1452 2166 1542 2205 (coll.
1573 2166 1640 2197 Cic.
1670 2164 1744 2195 Ina.
1775 2164 1803 2197 J,

207 2221 262 2252 31.
284 2220 364 2259 341).-
392 2218 690 2249 ratiocinatiuum
718 2216 781 2246 AB
877 2215 1023 2245 (luxisse
1050 2214 1078 2244 A
1104 2214 1135 2243 ιή
1162 2224 1231 2243 ras.
1326 2215 1344 2243 5
1371 2211 1572 2252 sillogismo
1599 2212 1627 2241 A
1730 2212 1804 2240 sta-

206 2265 270 2296 tim
296 2263 561 2305 syllogisticum
598 2267 633 2293 ct
667 2261 893 2302 epichirema
926 2260 1070 2292 nominc
1104 2269 1129 2288 r.
1163 2259 1299 2289 abusus
1333 2256 1463 2297 (mediis
1494 2254 1638 2297 omissis)
1664 2256 1693 2285 A

206 2312 226 2342 6
253 2309 427 2350 exemplis
452 2310 478 2339 B
504 2314 536 2339 ec
560 2309 713 2349 plerique
739 2314 772 2337 ul
799 2308 932 2337 widelm-
1025 2307 1044 2337 8
1071 2312 1250 2336 ΑΠυΔιΖι(
1278 2302 1429 2334 euidens
1455 2303 1484 2333 A
1599 2306 1618 2333 ¹.)
1644 2309 1805 2332 ΠΡΛΓΜΑ-

207 2365 312 2387 TlKAI
339 2363 518 2386 ΑΠΟΔΙΖΙΕ
545 2353 670 2384 dicunt
697 2353 790 2383 hacc.
818 2356 853 2382 ct
878 2353 906 2381 A
1026 2353 1064 2382 10
1092 2353 1192 2392 putul
1217 2349 1246 2379 A
1350 2348 1599 2379 conclusionis
1625 2349 1693 2378 ab:
1722 2355 1807 2377 con-

209 2400 372 2432 clusione
398 2399 460 2430 AB
558 2402 593 2429 ll
624 2397 806 2439 apodixim
835 2396 873 2427 Βι
973 2399 1010 2426 12
1039 2397 1235 2427 cntimcnia
1254 2395 1282 2424 A
1376 2394 1456 2425 aB:
1484 2405 1544 2425 om.
1571 2394 1629 2427 Ag
1725 2401 1805 2422 nam

209 2451 244 2478 et
271 2445 526 2487 epichiremati
554 2444 686 2482 (mediis
711 2442 790 2483 mm.)
816 2444 861 2478 A,
890 2453 971 2472 nam
1001 2445 1036 2471 ct
1063 2441 1294 2481 enthymema
1327 2451 1353 2470 s.
1388 2449 1472 2480 pars
1506 2442 1560 2470 est
1592 2439 1808 2469 ls'uscosanlts

302 2493 342 2523 13
368 2492 487 2522 inesse
514 2490 580 2527 ng,
607 2492 669 2520 sed
694 2489 727 2518 in
754 2500 782 2519 s.
810 2491 829 2518 l.
925 2492 960 2518 et
986 2499 1048 2518 unz.
1074 2488 1103 2517 A
1211 2487 1249 2516 14
1277 2494 1493 2526 quamquam
1520 2485 1585 2515 ab:
1614 2492 1720 2525 quam
1746 2481 1808 2512 AB

326 2538 366 2568 15
392 2536 520 2567 finiunt
547 2536 611 2565 ab:
639 2534 728 2565 fiunt
753 2534 816 2563 AB
957 2537 994 2562 nt
1022 2532 1068 2562 sit
1094 2532 1185 2563 ratio
1215 2556 1221 2562 .
1250 2556 1256 2561 .
1286 2530 1387 2561 iidem
1416 2529 1537 2560 dubiis
1566 2529 1737 2560 adferens
1763 2527 1805 2557 B:

211 2580 300 2623 siff)
327 2582 422 2613 ratio
450 2609 455 2614 ,
486 2608 491 2613 .
521 2580 624 2611 fidem
651 2579 797 2610 dubiam
824 2580 862 2615 A,
891 2578 1035 2608 scilicet
1060 2578 1236 2608 rationem
1266 2601 1271 2607 .
1304 2602 1310 2608 .
1340 2576 1490 2606 incertis
1515 2574 1619 2605 fidem
1647 2582 1718 2605 non
1745 2572 1807 2602 du-

211 2628 307 2659 biam
336 2627 551 2658 afferentem
578 2626 655 2660 ab&
775 2626 813 2655 17
842 2624 935 2654 enim
964 2624 1105 2653 incerta
1131 2623 1178 2652 ab
1298 2622 1331 2651 in
1359 2620 1501 2651 cunctis
1526 2621 1546 2650 b
1653 2627 1808 2659 gencra-

210 2673 294 2705 liter
319 2672 347 2704 A
442 2674 482 2703 18
508 2672 614 2713 pistis
640 2671 700 2701 AB
797 2669 1030 2711 appellantur
1056 2669 1108 2699 erl.
1139 2669 1259 2708 Caum„
1277 2665 1289 2683 ‘
1347 2666 1494 2696 etiamsi
1520 2665 1565 2695 A:
1595 2664 1688 2695 enim
1707 2663 1754 2694 sit
1768 2663 1807 2702 B,

213 2719 323 2750 etiam
352 2717 444 2759 quod
472 2715 548 2757 (sed
573 2716 666 2757 qnod
693 2717 761 2746 alla
787 2716 897 2749 mann)
923 2716 943 2744 b
1044 2712 1344 2754 interpellatione
1370 2709 1410 2741 A*
1534 2712 1572 2740 1⁴.)
1598 2709 1701 2740 fidem
1730 2709 1807 2739 ecld.

212 2769 292 2795 nell.
321 2763 464 2804 quidem
490 2763 526 2799 B,
556 2761 718 2802 equidem
747 2761 775 2790 A
869 2761 989 2800 aptius
1018 2759 1276 2800 Uappcronnier
1377 2756 1629 2797 probationem
1654 2756 1729 2785 Ab:
1756 2755 1808 2784 in-

213 2810 469 2851 terl-nationem
497 2809 522 2838 B
647 2806 926 2847 interptahimus
952 2804 991 2834 A¹
1134 2806 1176 2835 ’.ΞΟ
1210 2806 1460 2842 argumentum
1487 2801 1606 2832 simile
1633 2810 1702 2831 non
1731 2801 1810 2831 erut

213 2855 261 2895 (l).
280 2857 365 2893 233,
384 2854 417 2893 1)
443 2855 560 2885 mediis
585 2854 713 2884 mulsa-[s
731 2853 777 2891 A;
806 2852 921 2882 eadem
939 2850 1042 2881 uerba
1061 2860 1145 2891 quae
1164 2851 1195 2880 in
1213 2849 1241 2878 A
1260 2849 1391 2887 (lavant,
1418 2848 1450 2877 in
1468 2846 1520 2886 Bg
1545 2850 1709 2886 punctam
1733 2848 1809 2875 sunt

328 2902 369 2930 22
397 2900 475 2939 ipse
502 2898 759 2939 eoepzmyendmn
785 2908 856 2928 esus-e
882 2897 966 2927 uidic
991 2896 1156 2935 Spalding]
1297 2900 1481 2933 exponens
1510 2893 1636 2923 Aldus:
1664 2888 1810 2932 exponit

216 2945 293 2975 libri
386 2947 428 2975 23
454 2944 572 2983 inquit
598 2952 735 2981 argum.
764 2942 858 2973 libri.-
884 2941 987 2971 νων-11η
1013 2940 1223 2979 transposui!
1253 2939 1373 2977 lr'cjsz'ux
