1955 3228
765 131 825 160 lv.
870 128 900 173 1,
929 127 1098 159 19—31.
1650 115 1729 156 175

135 235 454 290 potentissimas
486 233 638 286 omnis,
672 232 715 272 id
746 233 810 272 est
840 233 975 272 totam
1007 230 1209 272 causam?
1240 230 1301 270 sic
1333 230 1415 270 erit
1444 231 1489 269 111
1519 228 1732 282 prooemio

134 305 308 358 peracta
338 290 541 343 narratio.
594 300 693 354 quid
725 300 856 340 uero‘?
887 299 935 352 si,
967 300 1014 339 ut
1042 297 1289 352 frequenter
1319 297 1491 349 accidit,
1524 294 1649 350 paulo
1671 296 1735 336 est
1747 294 1802 336 25

136 372 278 412 durior
310 384 456 422 causa,
495 383 583 409 non
614 366 904 408 beniuolentia
934 366 1085 406 iudicis
1116 365 1301 419 petenda
1334 380 1382 406 ex
1414 364 1508 405 aliis
1539 363 1732 417 partibus

139 439 232 492 erit,
264 439 337 479 sed
368 452 454 478 11011
486 438 586 477 ante
620 434 845 476 conciliato
877 433 965 474 eius
997 433 1138 473 animo
1170 433 1283 473 nuda
1304 433 1600 486 quaestionum
1623 445 1732 472 eom-

105 522 122 547 5
141 507 336 547 mittetur
367 502 604 559 asperitas?
661 517 767 557 quae
805 502 840 542 si
878 503 992 542 recte
1031 514 1196 554 semper
1226 500 1349 540 initio
1379 499 1547 540 dicendi
1577 500 1733 539 tracta-

136 577 305 628 rentur,
354 572 461 613 nihil
501 570 715 626 prooemio
753 584 858 624 opus
897 571 1020 609 esset.
1079 567 1220 621 aliqua
1259 581 1360 622 ergo
1397 581 1731 620 nonnumquam,
1745 565 1800 613 26

138 656 245 696 quae
285 642 409 682 erunt
447 640 500 680 ad
540 637 855 679 conciliandum
892 636 1015 677 nobis
1051 635 1232 677 iudicem
1280 634 1597 689 potentissima,
1645 648 1730 674 11011

138 709 349 750 inutiliter
378 707 551 748 interim
583 721 631 747 ex
663 704 980 760 quaestionibus
1012 703 1057 744 in
1089 703 1259 744 exordio
1291 696 1582 743 locabuntur.¹
1623 715 1731 755 quae

139 778 226 818 sint
257 791 382 831 porro
412 777 458 816 in
481 775 618 816 causis
639 770 906 827 fauorabilia,
941 785 1189 813 enumerare
1220 784 1307 811 non
1330 771 1394 810 est
1414 783 1600 823 necesse,
1634 759 1732 823 quia

87 862 119 885 1ο
138 848 181 886 et
209 843 438 885 manifesta
469 844 594 883 erunt
625 842 796 896 cognita
828 840 1029 894 cuiusque
1069 838 1382 879 controuersiae
1413 837 1660 878 condicione
1691 838 1733 876 et

138 913 280 953 omnia
312 910 454 964 colligi
485 910 530 950 in
561 911 685 949 tanta
715 909 853 949 litium
884 908 1093 948 uarietate
1124 920 1210 946 non
1249 907 1441 960 possunt.
1501 907 1549 945 ut
1588 906 1730 945 autem
1745 904 1798 945 27

139 981 244 1021 haec
274 979 467 1020 inuenire
500 979 542 1018 et
573 991 750 1031 augere,
789 976 849 1016 ita
879 974 989 1030 quod
1021 969 1172 1027 laedit,
1214 975 1288 1014 aut
1325 973 1499 1013 omnino
1529 971 1732 1026 repellere

139 1051 212 1090 aut
244 1049 355 1088 certe
386 1046 574 1086 minuere
606 1059 656 1085 ex
688 1058 814 1085 causa
845 1045 922 1084 est.
983 1041 1199 1082 miseratio
1230 1055 1394 1095 quoque
1425 1041 1652 1095 aliquando
1683 1054 1734 1081 ex

140 1116 286 1158 eadem
316 1114 456 1167 uenit,
497 1113 586 1153 siue
617 1112 717 1166 quid
747 1111 862 1165 passi
894 1124 1037 1151 sumus
1068 1124 1200 1164 graue
1239 1110 1328 1150 siue
1359 1108 1535 1163 passuri.
1594 1122 1732 1162 neque
1745 1107 1799 1148 28

88 1201 119 1225 15
139 1184 252 1225 enim
283 1197 373 1224 sum
404 1181 450 1222 in
482 1181 561 1220 1130
582 1180 795 1234 opinione,
828 1193 910 1233 qua
932 1178 1117 1232 quidam,
1148 1179 1196 1217 ut
1217 1191 1264 1217 eo
1286 1176 1442 1217 distare
1471 1176 1732 1230 prooemium

139 1253 192 1293 ab
223 1250 391 1305 epilogo
424 1248 602 1301 credam,
635 1247 744 1301 quod
775 1247 820 1287 in
851 1245 931 1286 hoc
961 1245 1207 1300 praeterita,
1242 1245 1285 1284 111
1317 1244 1390 1285 1110
1420 1244 1566 1284 futura
1587 1244 1732 1287 dican-

137 1323 226 1373 tur,
267 1318 339 1358 sed
377 1316 486 1371 quod
523 1316 568 1356 111
600 1316 795 1370 ingressu
827 1314 996 1368 parcius
1037 1316 1079 1353 et
1116 1313 1347 1353 modestius
1378 1312 1734 1366 praetemptanda

139 1389 194 1428 sit
221 1385 372 1427 iudicis
411 1383 719 1436 misericordia,
762 1382 808 1423 in
850 1382 1017 1436 epilogo
1060 1395 1160 1421 uero
1203 1381 1330 1421 liceat
1368 1382 1478 1421 totos
1518 1379 1733 1420 effundere

139 1455 342 1507 adfectus,
375 1455 416 1493 et
445 1452 589 1493 fictam
620 1451 854 1491 orationem
884 1449 1059 1489 induere
1098 1448 1289 1502 personis
1322 1450 1363 1488 et
1403 1447 1626 1488 defunctos
1667 1461 1734 1487 ex-

89 1542 122 1565 20
144 1523 274 1564 citare
306 1523 347 1562 et
377 1521 558 1575 pignora
588 1532 755 1559 reorum
786 1517 1038 1571 producere:
1072 1530 1178 1570 quae
1200 1515 1341 1556 minus
1362 1516 1407 1556 in
1430 1515 1611 1556 exordiis
1633 1517 1734 1556 sunt

140 1591 311 1631 usitata.
365 1588 436 1629 sed
468 1588 585 1640 haec,
619 1600 725 1640 quae
757 1599 883 1639 supra
913 1585 1014 1637 dixi,
1047 1598 1132 1625 non
1163 1598 1330 1624 mouere
1360 1585 1553 1637 tantum,
1586 1597 1732 1623 uerum
1747 1583 1801 1624 29
1846 1589 1899 1648 0‘1.

121 1673 191 1699 ex
222 1658 386 1698 diuerso
418 1655 581 1696 amoliri
612 1668 775 1708 quoque
806 1653 1018 1707 prooemio
1049 1666 1153 1705 opus
1185 1655 1262 1692 est.
1314 1654 1361 1692 ut
1381 1654 1521 1692 autem
1542 1652 1733 1691 nostrum
1850 1677 1872 1696 ῃ

141 1724 440 1777 miserabilem,
483 1723 519 1763 si
550 1722 786 1775 uincamur,
826 1721 998 1773 exitum,
1036 1720 1096 1760 ita
1128 1719 1463 1760 aduersariorum
1494 1718 1733 1772 superbum,

141 1794 174 1834 si
207 1792 404 1845 uicerint,
436 1790 539 1831 utile
571 1792 634 1830 est
666 1789 790 1829 credi.

89 1878 122 1902 25
254 1860 335 1902 Sed
366 1874 415 1900 ex
447 1858 497 1898 iis
529 1872 705 1912 quoque,
738 1871 844 1910 quae
866 1870 952 1897 non
975 1858 1075 1896 sunt
1095 1870 1372 1909 personarum
1393 1869 1472 1896 nec
1496 1868 1732 1907 causarum,
1747 1855 1803 1896 30

141 1943 285 1969 uerum
317 1927 518 1968 adiuncta
549 1925 739 1979 personis
771 1927 813 1965 et
844 1925 1004 1977 causis,
1045 1924 1141 1964 duci
1180 1924 1393 1977 prooemia
1432 1923 1582 1963 solent.
1643 1936 1734 1975 per-

116 1996 255 2050 sonis
287 1995 558 2049 adplicantur
588 2008 671 2034 11011
706 1992 890 2046 pignora
921 1991 1057 2046 modo,
1091 1991 1141 2032 de
1173 1992 1322 2046 quibus
1353 2005 1480 2044 supra
1511 1990 1619 2044 dixi,
1663 1990 1734 2030 sed

140 2063 498 2118 propinquitates,
532 2061 759 2113 amicitiae,
792 2060 966 2100 interim
997 2060 1192 2114 regiones
1215 2060 1344 2100 etiam
1367 2058 1659 2112 ciuitatesque,
1693 2060 1735 2098 et

141 2132 176 2172 si
207 2132 306 2186 quid
338 2130 450 2171 aliud
483 2130 583 2183 eius,
616 2143 739 2183 quem
770 2128 1049 2181 defendimus,
1083 2142 1183 2168 casu
1213 2127 1322 2167 laedi
1354 2128 1507 2180 potest.
1556 2126 1607 2166 ad
1639 2141 1734 2167 cau-
1748 2128 1800 2169 31

1804 2035 1822 2044 x

91 2216 123 2240 30
148 2214 237 2240 sam
271 2202 389 2240 extra
420 2198 638 2252 pertinent
668 2199 850 2249 tempus,
884 2195 994 2235 unde
1025 2195 1283 2249 principium
1313 2209 1389 2248 pro
1413 2194 1568 2248 Caelio,
1601 2195 1731 2247 locus,
1805 2181 1887 2248 95)ss

142 2267 253 2307 1111110
285 2281 360 2319 pro
392 2266 605 2318 Deiotaro,
644 2264 829 2316 habitus,
868 2263 979 2304 unde
1010 2277 1085 2316 pro
1117 2262 1297 2316 Milone,
1339 2263 1504 2316 opinio,
1546 2262 1657 2302 unde
1687 2263 1732 2302 in

144 2334 334 2387 Verrem,
366 2334 579 2386 deinceps,
611 2346 663 2372 ne
695 2332 838 2372 omnia
870 2345 1124 2384 enumerem,
1155 2330 1333 2370 infamia
1362 2330 1625 2382 iudiciorum,
1665 2344 1732 2369 ex-

144 2401 351 2455 spectatio
382 2400 520 2453 uulgi:
553 2399 667 2454 nihil
683 2400 795 2439 enim
818 2399 967 2439 horum
989 2399 1033 2439 111
1066 2413 1192 2439 causa
1215 2401 1290 2451 est,
1323 2398 1374 2438 ad
1397 2412 1565 2438 causam
1587 2388 1732 2437 tamen

236 2506 252 2535 1
279 2514 403 2535 omnes
428 2504 482 2537 Βς
576 2506 595 2534 3
621 2503 741 2534 durior
766 2504 840 2533 Ab:
866 2513 926 2534 om.
952 2503 988 2542 Β,
1017 2502 1179 2543 asperior
1204 2503 1277 2533 cml.
1310 2502 1477 2533 Vallensz's
1571 2500 1681 2532 alisB

144 2552 163 2581 6
190 2560 276 2591 ergo
302 2550 353 2589 Bg
378 2559 469 2580 corr.
496 2560 541 2579 esc
568 2558 634 2588 ego
728 2558 922 2588 numquam
948 2548 973 2578 B
1067 2549 1085 2579 7
1113 2550 1266 2587 querunt
1291 2547 1342 2586 Bg
1369 2549 1439 2578 Im.
1541 2548 1560 2577 9
1589 2546 1734 2577 sabora-

146 2595 236 2626 bilia
260 2596 300 2635 A,
327 2593 551 2626 fauorabiles
578 2594 603 2624 B
697 2594 783 2633 quia
808 2594 852 2624 A:
880 2592 961 2635 «TU.
989 2604 1018 2626 e.
1046 2592 1152 2633 quae)
1179 2593 1204 2622 B
1299 2594 1338 2622 12
1365 2590 1568 2633 reppellere
1594 2591 1646 2631 Bg

146 2642 185 2672 14
211 2641 288 2671 siue
315 2639 409 2680 quod
434 2640 463 2669 A
558 2641 597 2670 16
625 2638 793 2669 dieantur
817 2639 841 2668 B
868 2644 900 2669 et
925 2649 1001 2668 eat-(¹.
1030 2640 1123 2669 Cass.
1151 2638 1200 2678 (p.
1221 2639 1299 2676 502,
1320 2637 1400 2678 157:
1425 2637 1592 2667 dicentur
1616 2637 1645 2667 A

147 2688 183 2717 17
210 2686 248 2716 in
273 2696 333 2717 om.
358 2686 386 2715 A
412 2689 444 2715 et
470 2695 546 2715 exc.
573 2684 668 2716 Cass.
764 2685 805 2715 18
830 2684 877 2714 sit
901 2684 930 2714 A
955 2687 986 2714 et
1012 2693 1087 2714 ραι-ο.
1115 2682 1209 2714 Cass.
1236 2685 1292 2713 est
1317 2681 1365 2712 Bn
1391 2686 1423 2712 et
1447 2683 1480 2721 b,
1507 2692 1567 2715 om.
1592 2680 1645 2721 Bg

144 2733 186 2762 20
213 2731 366 2772 pignera
390 2731 427 2768 B,
450 2731 512 2761 sed
535 2730 554 2768 ξ
582 2732 626 2760 30
653 2729 807 2770 pignora
946 2738 1085 2760 reorum
1113 2728 1152 2767 A,
1179 2732 1212 2758 ut
1237 2728 1323 2760 coni.
1350 2727 1534 2767 Slmldiny:
1563 2737 1685 2758 eorum
1710 2726 1735 2758 B

144 2781 176 2807 et
201 2777 276 2810 cod.
303 2776 409 2809 Bern.
436 2775 531 2806 Cass.
673 2775 709 2804 in
734 2774 791 2804 Ab
822 2778 853 2804 et
886 2784 961 2805 eme.
991 2773 1085 2805 Cass.
1111 2783 1172 2805 om.
1196 2773 1222 2802 B
1366 2771 1508 2803 exordis
1532 2771 1577 2812 Β,
1610 2782 1735 2813 prooe-

146 2821 226 2852 miis
253 2832 329 2854 exc.
357 2821 449 2851 Cass.
544 2821 587 2851 25
613 2820 668 2850 his
693 2819 754 2849 AB
847 2820 888 2849 27
916 2818 1150 2860 applicantur
1174 2817 1203 2847 A
1296 2818 1338 2848 28
1365 2817 1690 2859 propinquitatesA

144 2867 187 2897 29
213 2866 307 2906 quod
331 2867 351 2896 b
446 2875 533 2896 casu
558 2864 655 2896 laedi
681 2865 723 2894 B:
750 2863 898 2894 causale
925 2864 997 2894 dici
1024 2864 1090 2902 Tb,
1119 2862 1270 2893 causale
1296 2861 1379 2893 duci
1403 2863 1432 2893 A
1457 2864 1490 2893 in
1515 2873 1587 2893 ras.
1614 2864 1687 2894 2772.

145 2913 188 2942 30
212 2911 397 2951 pertinent
422 2911 466 2941 A:
494 2910 653 2951 pertinet
676 2910 701 2939 B
817 2908 931 2940 coelio
957 2909 982 2938 B
1121 2908 1162 2938 32
1189 2917 1394 2938 enumerem
1420 2908 1493 2938 Ab:
1522 2918 1734 2940 enumeren-

146 2959 203 2987 tur
228 2956 253 2986 B
348 2956 501 2987 infamia
527 2957 572 2986 A:
600 2955 700 2986 fama
725 2955 750 2984 B
