1955 3228
750 115 810 144 1v.
852 112 885 156 2,
910 112 950 142 62
961 112 1081 144 ——72.
1628 103 1708 145 195

129 216 241 256 runt.
293 216 335 255 et
365 229 466 256 sane
495 215 604 256 nihil
625 216 688 256 est
707 215 873 256 facilius
894 216 977 257 nisi
998 230 1169 271 prorsus
1190 217 1325 257 totam
1348 230 1517 257 causam
1539 216 1711 257 omnino

130 296 216 324 non
248 290 388 337 agere.
439 283 511 324 sed
532 284 566 324 si
590 283 730 338 aliqua
750 283 860 326 iusta
881 284 1046 325 ratione
1068 284 1305 326 huiusmodi
1327 284 1559 339 susceperis
1579 282 1711 338 litem,

85 360 89 373 ¹
130 351 245 391 cuius
277 351 380 391 artis
418 353 482 392 est
521 350 676 391 malam
707 365 796 392 esse
829 366 998 392 causam
1030 352 1197 393 silentio
1231 352 1453 394 confiteri?
1489 351 1571 393 nisi
1600 351 1711 393 forte

79 832 108 857 10

79 1171 108 1196 15

76 1994 78 1996 ’
122 1979 170 2018 tu
199 1980 342 2019 tamen
372 1978 606 2034 ingenuum
637 1981 854 2035 stuprasti,
886 1981 1002 2022 solue
1034 1981 1177 2022 decem
1198 1980 1353 2021 milia’.
1390 1994 1709 2035 nonnumquam

74 2188 106 2212 30

127 420 215 458 tam
247 418 374 460 hebes
404 418 570 460 futurus
602 421 666 460 est
695 418 838 473 iudex,
878 421 927 460 ut
956 420 1187 461 secundum
1216 420 1258 461 id
1288 420 1558 474 pronuntiet,
1601 419 1713 474 quod

129 485 235 526 sciet
271 501 445 528 narrare
483 482 526 528 te
563 487 761 528 noluisse.
827 501 963 542 neque
1000 488 1160 529 infitias
1208 502 1256 528 eo
1292 488 1337 529 in
1376 488 1622 529 narratione
1660 489 1709 528 ut
1726 487 1778 529 67

128 552 267 608 aliqua
303 554 522 609 neganda,
563 555 704 610 aliqua
743 555 983 609 adicienda,
1024 556 1166 610 aliqua
1203 555 1427 609 mutanda,
1475 556 1534 597 sic
1572 555 1713 610 aliqua

128 621 255 662 etiam
286 622 489 664 tacenda:
528 623 599 673 sed
637 623 841 677 tacenda,
882 638 988 678 quae
1026 625 1168 665 tacere
1206 624 1417 678 oportebit
1453 625 1496 664 et
1534 623 1713 664 liberum

128 689 220 730 erit.
273 690 383 744 quod
414 690 463 731 fit
494 705 813 746 nonnumquam
842 691 1065 732 breuitatis
1096 706 1257 746 quoque
1279 691 1430 746 gratia,
1462 692 1584 745 quale
1609 691 1712 732 illud

128 759 213 798 est:
246 758 486 812 ‘respondit
517 773 623 813 quae
654 759 691 800 ei
722 760 858 800 uisum
891 762 991 800 est’.
1053 758 1363 814 distinguamus
1393 759 1526 813 igitur
1555 774 1713 814 genera
1726 758 1779 800 68

128 838 359 867 causarum.
416 840 598 881 namque
628 828 674 868 in
711 827 784 881 iis,
824 827 870 868 in
908 827 1058 882 quibus
1096 841 1184 868 non
1222 826 1272 867 de
1311 826 1434 880 culpa
1471 830 1710 882 quaeretur,

126 892 197 933 sed
236 892 286 933 de
325 894 514 947 actione,
558 894 685 935 etiam
723 895 758 935 si
797 897 922 936 erunt
961 896 1108 936 contra
1147 908 1223 935 nos
1263 893 1477 948 themata,
1521 895 1712 937 confiteri

124 959 246 1001 nobis
276 959 440 1002 licebit:
474 962 720 1016 ‘pecuniam
751 962 801 1003 de
831 962 990 1016 templo
1021 963 1204 1016 sustulit,
1238 962 1311 1003 sed
1343 962 1568 1017 priuatam,
1601 963 1712 1004 ideo-

125 1042 203 1082 que
234 1028 466 1084 sacrilegus
496 1044 584 1071 non
615 1032 691 1071 est.
742 1030 955 1085 uirginem
985 1030 1140 1084 rapuit,
1172 1045 1259 1071 non
1288 1032 1433 1071 tamen
1461 1032 1576 1085 optio
1598 1031 1711 1085 patri

126 1095 306 1138 dabitur.
357 1096 591 1152 ingenuum
622 1098 834 1152 stuprauit
865 1100 906 1139 et
936 1100 1154 1152 stupratus
1187 1112 1231 1139 se
1261 1098 1501 1153 suspendit:
1532 1113 1619 1140 non
1650 1101 1711 1140 ta·
1725 1097 1779 1139 69

125 1177 222 1204 men
252 1163 344 1218 ideo
375 1167 590 1220 stuprator
622 1165 760 1220 capite
790 1167 838 1207 ut
869 1180 994 1207 causa
1023 1166 1171 1207 mortis
1201 1166 1422 1220 punietur,
1463 1166 1535 1207 sed
1566 1166 1710 1208 decem

124 1231 252 1285 milia,
287 1246 392 1286 quae
422 1247 560 1288 poena
590 1234 820 1288 stupratori
852 1234 1083 1275 constituta
1105 1235 1182 1287 est,
1216 1233 1371 1275 dabit’.
1412 1248 1559 1274 uerum
1579 1235 1624 1275 in
1645 1233 1712 1276 his

124 1313 285 1354 quoque
317 1300 652 1342 confessionibus
684 1303 748 1342 est
778 1301 957 1356 aliquid,
991 1302 1101 1356 quod
1130 1302 1180 1342 de
1210 1301 1391 1355 inuidia,
1431 1316 1556 1356 quam
1588 1316 1710 1357 expo-

123 1367 220 1408 sitio
253 1368 481 1410 aduersarii
511 1369 634 1423 fecit,
676 1369 842 1411 detrahi
872 1369 1026 1424 possit,
1069 1384 1159 1410 cum
1194 1370 1322 1411 etiam
1353 1369 1465 1410 serui
1495 1370 1630 1410 nostri
1661 1370 1711 1411 de

123 1435 309 1488 peccatis
340 1436 425 1477 suis
455 1437 621 1478 mollius
651 1437 892 1492 loquantur.
952 1437 1157 1492 quaedam
1197 1438 1309 1478 enim
1347 1437 1467 1492 quasi
1498 1451 1585 1478 non
1614 1452 1710 1478 nar—
1727 1438 1780 1480 70

73 1510 88 1534 ‘2
124 1505 267 1544 rantes
297 1503 610 1559 mitigabimus:
643 1510 750 1547 ‘non
771 1505 951 1560 quidem,
985 1507 1032 1546 ut
1053 1505 1317 1546 aduersarius
1339 1505 1454 1559 dicit,
1489 1505 1710 1546 consilium

124 1570 228 1611 furti
259 1571 304 1611 in
333 1572 538 1626 templum
571 1573 717 1614 attulit
746 1588 825 1614 nee
856 1573 928 1614 diu
960 1573 1150 1627 captauit
1181 1573 1268 1614 eius
1308 1573 1368 1614 rei
1408 1575 1596 1627 tempus,
1638 1573 1711 1614 sed

123 1639 343 1680 occasione
366 1642 408 1680 et
429 1640 621 1682 absentia
645 1640 862 1683 custodum
885 1643 1104 1696 corruptus
1127 1643 1170 1682 et
1190 1641 1382 1696 pecunia,
1405 1655 1512 1695 quae
1533 1640 1711 1682 nimium

124 1706 170 1746 in
201 1706 355 1748 animis
386 1706 605 1749 hominum
635 1711 787 1763 potest,
819 1709 958 1750 uictus
989 1711 1066 1750 est.
1110 1709 1180 1750 sed
1205 1709 1303 1764 quid
1324 1708 1486 1750 refert?
1516 1709 1712 1763 peccauit

124 1776 166 1814 et
194 1774 263 1814 fur
294 1777 378 1828 est:>
414 1775 521 1816 nihil
562 1777 719 1818 attinet
750 1776 793 1817 id
824 1776 1068 1831 defendere,
1111 1776 1226 1818 cuius
1266 1791 1446 1831 poenam
1476 1791 1563 1818 non
1594 1791 1709 1818 recu-

73 1848 88 1871 2‘
126 1848 305 1883 samus'.
364 1843 535 1884 interim
574 1845 694 1899 quasi
733 1845 980 1886 damnemus
1018 1845 1120 1898 ipsi:
1161 1844 1248 1885 ‘uis
1278 1847 1320 1885 te
1352 1844 1487 1885 dicam
1518 1845 1618 1885 uino
1648 1844 1775 1887 in-71

123 1910 321 1963 pulsum?
353 1925 491 1952 errore
510 1911 706 1965 lapsum?
735 1915 860 1955 nocte
882 1911 1134 1967 deceptum?
1163 1927 1265 1953 uera
1287 1919 1386 1953 sunt
1406 1912 1488 1953 ista
1508 1912 1709 1954 fortasse:

123 2046 436 2099 praepositione
466 2048 725 2101 praemuniri
755 2050 896 2103 potest
928 2063 1067 2102 causa,
1101 2048 1261 2103 deinde,
1283 2048 1450 2102 exponi.
1497 2048 1709 2089 contraria
1724 2049 1777 2091 72

123 2115 224 2154 sunt
254 2115 396 2155 omnia
425 2115 562 2157 tribus
582 2116 694 2169 filiis,
728 2116 799 2170 qui
819 2116 864 2158 in
885 2118 1065 2158 mortem
1086 2116 1220 2171 patris
1244 2116 1537 2157 coniurarant:
1570 2116 1708 2157 sortiti

124 2183 249 2222 nocte
280 2182 437 2237 singuli
466 2197 542 2237 per
571 2183 762 2224 ordinem
793 2198 886 2225 cum
917 2184 1029 2225 ferro
1062 2184 1302 2225 cubiculum
1338 2184 1558 2225 intrarunt
1586 2186 1708 2238 patre

123 2247 376 2291 dormiente:
417 2265 511 2291 cum
549 2251 737 2292 occidere
776 2266 869 2292 eum
907 2266 1031 2293 nemo
1069 2252 1298 2306 potuisset,
1347 2254 1529 2293 excitato
1566 2252 1708 2292 omnia

212 2354 230 2382 17.
254 2357 331 2392 post
354 2352 457 2384 litem
483 2356 515 2384 z'n
531 2354 557 2384 B
582 2356 723 2395 spatium
748 2366 882 2386 uacuum
907 2360 957 2387 est
1047 2357 1068 2387 4
1093 2357 1253 2397 prontiet
1270 2356 1295 2386 B
1389 2356 1408 2386 5
1434 2365 1582 2386 narrare
1609 2355 1706 2386 teA:

124 2406 228 2428 narre
254 2401 290 2427 te
315 2398 352 2437 Β,
380 2402 414 2428 te
442 2409 589 2431 narrare
615 2400 635 2429 b
727 2401 746 2431 5
771 2399 905 2431 infitias
930 2411 967 2432 eo
992 2401 1030 2440 A,
1057 2400 1198 2432 inficias
1225 2411 1266 2432 eo
1292 2401 1317 2431 B
1433 2402 1452 2431 6
1479 2400 1699 2441 aliqua-mu*

124 2441 234 2472 tanda
260 2459 299 2463 —-
326 2444 445 2483 gratia
472 2444 591 2484 quale]
616 2445 698 2475 haec
721 2446 797 2485 fere
823 2446 931 2477 omnia
954 2446 983 2476 A
1008 2457 1046 2476 m.
1067 2449 1086 2476 2
1112 2448 1145 2477 in
1170 2457 1240 2477 rus.
1267 2445 1366 2477 habel
1487 2446 1506 2476 S
1533 2450 1702 2476 nonnum-

125 2496 230 2527 quam
257 2497 361 2526 quam
386 2488 412 2518 B
534 2490 573 2520 10
599 2490 634 2519 in
660 2489 713 2520 his
738 2490 778 2530 A,
806 2500 868 2522 om.
892 2490 918 2521 B
1035 2491 1219 2532 quaeritur
1244 2492 1269 2521 B
1392 2492 1429 2521 11
1458 2490 1604 2521 etiamsi
1628 2490 1702 2520 Ab:

126 2531 233 2562 etiam
259 2532 285 2562 B
403 2535 440 2564 1⁴2
468 2533 619 2574 ideoque
646 2544 674 2565 s.
700 2544 771 2565 non
798 2539 853 2566 est
876 2536 920 2566 A:
946 2536 1101 2577 ideoque
1129 2546 1155 2567 s.
1184 2539 1239 2567 est
1262 2537 1300 2573 b,
1327 2535 1408 2565 ideo
1435 2545 1462 2566 s.
1491 2539 1545 2566 est
1569 2536 1606 2573 Β,
1633 2545 1702 2565 nou

125 2576 206 2608 ideo
233 2586 259 2608 s.
288 2580 342 2608 est
367 2579 442 2609 edd.
470 2583 547 2610 uett.
672 2581 713 2610 14
738 2580 931 2621 ingenuam
956 2582 977 2612 b
1105 2583 1145 2613 15
1171 2582 1360 2622 puniretur
1383 2580 1409 2609 B
1538 2581 1578 2610 16
1604 2579 1706 2610 dauit

124 2621 175 2660 Bg
199 2623 271 2654 Im.
381 2624 421 2654 17
448 2623 539 2664 quod
566 2624 607 2655 de
634 2634 712 2655 nos:
739 2625 832 2665 quod
858 2636 900 2656 ex
925 2624 954 2656 A
979 2625 1055 2663 (sed
1080 2636 1123 2657 ex
1147 2637 1186 2658 m.
1204 2628 1222 2655 2
1248 2627 1281 2656 in
1306 2627 1412 2665 ras),
1442 2624 1534 2665 quod
1558 2625 1584 2654 B
1609 2625 1655 2664 ef.
1674 2628 1704 2660 5,

126 2668 180 2705 13,
200 2669 239 2697 17
332 2668 372 2699 18
399 2668 540 2699 detrahi
560 2686 601 2690 —
620 2668 814 2708 loquantur
830 2671 905 2704 Ab:
924 2670 1066 2702 detrahi
1085 2674 1204 2712 potest
1223 2670 1264 2701 de
1284 2670 1448 2710 peccatis
1468 2670 1541 2701 suis
1559 2669 1705 2701 mollius

125 2710 292 2751 loquatur
309 2712 334 2742 B
407 2715 446 2745 19
464 2714 646 2745 narrantis
664 2715 689 2744 B
759 2716 799 2745 ‘21
820 2715 954 2756 templo
967 2716 993 2747 B
1064 2717 1105 2746 -22
1125 2716 1309 2746 abssentia
1324 2715 1372 2745 Bn
1435 2715 1583 2745 nimium
1598 2715 1654 2745 Ab
1673 2720 1707 2745 et

128 2756 265 2797 Regyins:
298 2758 463 2789 nimirum
490 2759 534 2797 Β,
562 2759 709 2789 nimium
738 2762 910 2799 quantum
937 2760 1102 2801 Spaldingy
1127 2771 1172 2791 ea:
1197 2761 1336 2791 lec-tione
1362 2760 1509 2791 Aldinae
1536 2770 1568 2790 n.
1597 2770 1702 2800 quam

214 2803 256 2833 23
282 2802 344 2833 sed
369 2813 430 2834 om.
455 2805 514 2834 FT
608 2805 666 2845 qui
693 2805 721 2834 A
818 2806 861 2836 24
887 2808 941 2836 est
966 2806 1010 2836 B:
1039 2809 1093 2835 cst
1121 2810 1156 2836 ct
1180 2803 1237 2835 Ab
1354 2806 1395 2835 25
1423 2805 1563 2836 interim
1589 2805 1645 2835 Ab
1671 2810 1703 2835 et

131 2844 266 2878 Victor:
293 2848 469 2879 interdum
494 2850 519 2880 B
612 2851 666 2881 uis
694 2853 729 2880 to
755 2849 796 2880 B:
824 2853 863 2880 ut
887 2850 917 2880 si
934 2851 963 2880 A
986 2862 1025 2881 m.
1042 2854 1060 2881 2
1086 2852 1120 2880 in
1146 2860 1213 2882 νας.
1241 2854 1280 2880 ut
1296 2851 1316 2880 b
1408 2852 1449 2881 27
1477 2860 1554 2881 cum
1580 2852 1702 2881 tamen

132 2889 248 2923 Victor
339 2893 439 2925 milia
465 2905 524 2926 om.
550 2895 576 2925 B
685 2895 726 2925 28
752 2896 1022 2936 praepositione
1047 2896 1127 2926 AB:
1155 2895 1400 2937 propositione
1428 2904 1447 2929 ς
1542 2905 1686 2937 praemii

128 2934 195 2966 nix-i
219 2936 291 2968 Ab:
317 2940 526 2980 praeparari
552 2941 578 2970 B
669 2941 712 2971 29
739 2941 975 2971 coniurarunt
998 2941 1027 2971 A
1119 2943 1162 2972 30
1187 2944 1327 2972 noctem
1352 2941 1377 2971 B

1358 2998 1398 3029 13
1409 2994 1428 3014 ²³²
