1939 3180
208 96 291 137 336
726 106 1022 144 QUINTILIANI
1055 107 1175 138 INST.
1209 107 1282 138 011.

167 208 339 248 21101103
371 210 448 249 est.
511 222 641 262 quare
671 222 808 262 neque
840 209 1048 249 sociorum
1089 209 1298 264 querellas
1337 224 1417 250 nec
1456 209 1582 250 amici
1613 210 1681 250 ue]
1712 224 1806 264 pro-

206 275 358 330 pinqui
389 289 537 316 necem
568 290 649 317 nec
681 277 903 330 erupturas
934 277 980 317 111
1011 291 1101 318 rem
1131 277 1348 331 publicam
1371 277 1712 332 conspirationes
1744 277 1805 318 in-

206 344 317 384 ultas
349 344 538 398 patietur
568 345 723 398 orator,
755 357 843 385 non
873 359 1037 399 poenae
1066 345 1314 386 nocentium
1346 345 1537 400 cupidus,
1571 345 1643 387 sed
1667 360 1806 386 emen-

207 412 337 453 dandi
367 411 475 453 uitia
508 411 833 467 corrigendique
864 426 1015 458 mores.
1085 428 1186 454 nam
1225 413 1295 467 qui
1335 413 1502 454 ratione
1541 414 1709 455 traduci
1750 414 1803 454 ad

166 480 382 521 3meliora
414 494 501 521 non
531 482 724 534 possunt,
759 480 847 522 solo
878 482 994 521 metu
1027 481 1341 522 continentur..
1377 481 1523 537 itaque
1553 482 1602 522 ut
1633 495 1841 522 accusa-5

205 549 362 589 teriam
392 548 527 589 uitam
558 547 704 589 uiuere
736 550 778 589 et
810 548 859 589 ad
894 548 1271 590 deferendos‘reos
1302 549 1493 603 praemio
1532 548 1629 590 duci
1667 550 1807 603 proxi-

207 631 321 657 mum
352 616 579 657 latrocinio
610 618 696 670 est,
737 616 798 656 ita
828 619 992 671 pestem
1022 617 1274 658 intestinam
1305 617 1555 672 propulsare
1587 631 1681 658 cum
1712 632 1806 672 pro-

206 684 521 740 pugnatoribus
566 684 732 743 patriae
779 686 1127 739 comparandum,
1205 685 1382 740 ideoque
1421 685 1639 740 principes
1677 685 1723 726 in
1761 700 1806 726 re

206 753 378 808 publica
409 753 490 794 uiri
521 767 609 794 non
641 752 993 795 detractauerunt
1031 744 1148 794 hanc
1183 752 1314 794 officii
1344 756 1534 808 partem,
1574 746 1805 808 creditique

207 823 309 862 sunt
354 821 483 862 etiam
528 820 631 862 clari
676 821 853 862 iuuenes
891 821 1081 876 opsidem
1119 821 1180 862 rei
1218 821 1414 877 publicae
1461 821 1561 862 dare
1598 821 1805 863 malorum
1826 837 1858 862 10

207 890 363 931 ciuium
395 889 731 943 accusationem,
771 889 871 944 quia
908 904 987 931 nec
1028 889 1166 930 odisse
1203 889 1418 944 improbos
1457 904 1537 931 nec
1567 890 1806 932 simultates

167 960 442 1013 4prouocare
474 956 557 998 nisi
590 972 639 998 ex
671 957 827 998 fiducia
858 958 995 998 bonae
1026 958 1183 999 mentis
1214 957 1484 999 uidebantur.
1552 957 1678 1013 idque
1710 973 1805 999 cum

206 1026 259 1066 ab
302 1025 557 1077 Hortensio,
596 1025 805 1079 Lucullis,
846 1025 1058 1080 Sulpicio,
1099 1025 1325 1081 Cicerone,
1367 1026 1573 1081 Caesare,
1610 1026 1804 1081 plurimis

205 1094 314 1148 aliis,
348 1096 440 1135 tum
472 1094 525 1135 ab
547 1095 726 1148 utroque
748 1094 910 1135 Catone
931 1094 1096 1135 factum
1116 1096 1201 1135 est:
1235 1110 1412 1150 quorum
1434 1095 1543 1136 alter
1565 1094 1804 1149 appellatus

206 1164 270 1204 est
309 1164 501 1217 sapiens,
543 1162 652 1204 alter
690 1162 775 1203 nisi
814 1162 1001 1203 creditur
1038 1163 1193 1217 fuisse,
1243 1163 1314 1204 uix
1353 1163 1439 1204 scio
1481 1163 1547 1204 cui
1585 1163 1805 1217 reliquerit
1826 1179 1856 1203 15

204 1230 328 1272 huius
360 1230 546 1272 nominis
578 1230 731 1272 locum.
793 1245 930 1285 neque
961 1230 1162 1272 defendet
1193 1232 1331 1272 omnis
1362 1233 1505 1272 orator
1535 1231 1668 1285 idem,
1709 1246 1802 1286 por-

204 1302 379 1354 tumque
409 1299 530 1340 illum
562 1299 830 1354 eloquentiae
861 1314 960 1340 suae
992 1299 1223 1340 salutarem
1255 1314 1341 1341 non
1382 1299 1511 1340 etiam
1548 1299 1701 1354 piratis
1731 1314 1804 1354 pae

164 1368 381 1412 5tefaciet
420 1368 678 1422 duceturque
717 1368 762 1409 in
802 1367 1128 1409 aduocationem
1166 1368 1350 1409 maxime
1390 1382 1532 1409 causa,
1602 1368 1803 1422 quoniam

202 1439 349 1478 tamen
380 1437 539 1491 01111113,
583 1437 654 1490 qui
694 1451 781 1478 11011
812 1436 1003 1491 improbe
1042 1436 1299 1491 litigabunt,
1340 1450 1517 1490 quorum
1557 1438 1669 1477 certe
1700 1440 1804 1477 bona

202 1521 303 1560 pars
336 1508 413 1560 est,
448 1505 658 1546 sustinere
690 1520 777 1546 11011
808 1507 950 1559 potest
981 1520 1112 1559 unus,
1148 1505 1307 1559 aliquid
1340 1507 1383 1545 et
1414 1505 1803 1546 commendantium
1823 1522 1855 1547 20

203 1574 397 1628 personis
429 1573 550 1614 dabit
572 1575 614 1614 et
635 1573 838 1628 ipsorum,
871 1574 942 1627 qui
964 1573 1120 1614 iudicio
1143 1573 1391 1626 decernent,
1425 1575 1472 1614 ut
1493 1573 1644 1628 optimi
1668 1574 1802 1614 cuius-

203 1657 282 1696 que
313 1642 537 1683 uoluntate
568 1644 806 1683 moueatur:
840 1656 1025 1695 namque
1056 1642 1133 1683 hos
1165 1644 1207 1683 et
1238 1642 1518 1683 amicissimos
1540 1641 1718 1683 habebit
1738 1642 1804 1682 uir

164 1711 354 1754 Gbonus.
424 1710 762 1752 submouendum
800 1725 901 1751 uero
948 1712 1011 1751 est
1055 1717 1282 1764 utrumque
1321 1710 1507 1752 ambitus
1553 1725 1689 1766 genus
1735 1710 1801 1751 uel

204 1779 451 1834 potentibus
500 1781 649 1820 contra
689 1778 870 1820 humiles
912 1778 1166 1820 uenditandi
1204 1794 1378 1833 operam
1424 1794 1542 1820 suam
1583 1779 1651 1820 uel
1698 1778 1801 1819 illud

204 1848 333 1888 etiam
379 1848 610 1889 iactantius
648 1848 835 1889 minores
882 1847 1027 1901 utique
1069 1851 1218 1888 contra
1257 1848 1514 1903 dignitatem
1555 1846 1800 1888 attollendi:
1821 1864 1853 1888 25

203 1931 289 1957 non
321 1916 435 1957 enim
466 1916 640 1957 fortuna
673 1931 822 1957 causas
854 1916 920 1956 uel
951 1915 1086 1956 iustas
1118 1916 1184 1956 1101
1224 1915 1439 1970 improbas
1476 1915 1595 1956 facit.
1664 1929 1801 1970 neque

202 2000 304 2026 uero
335 1985 470 2039 pudor
501 1986 653 2039 opstet,
687 1999 767 2038 quo
800 1984 941 2025 minus
973 1987 1230 2039 susceptam,
1265 2000 1359 2026 cum
1390 1984 1540 2025 melior
1570 1984 1800 2037 uideretur,

203 2053 344 2107 litem,
386 2053 562 2108 cognita
594 2053 708 2094 inter
739 2052 986 2094 discendum
1017 2053 1267 2107 iniquitate,
1307 2053 1516 2108 dimittat,
1559 2067 1653 2094 cum
1684 2052 1800 2107 prius

164 2125 186 2165 7
203 2122 412 2177 litigatori
446 2122 601 2163 dixerit
632 2136 794 2163 uerum.
856 2136 955 2162 nam
989 2124 1032 2162 et
1063 2122 1108 2162 in
1139 2120 1219 2162 hoc
1251 2121 1496 2173 maximum,
1528 2121 1563 2162 si
1595 2121 1717 2175 aequi
1739 2120 1800 2162 iu-

202 2191 318 2232 dices
350 2205 507 2244 sumus,
544 2190 798 2231 beneficium
831 2192 915 2244 est,
949 2192 997 2231 ut
1027 2204 1114 2231 non
1145 2189 1346 2231 fallamus
1377 2204 1490 2230 uana
1521 2204 1595 2244 spe
1626 2189 1799 2244 litigan-
1819 2206 1852 2230 30

202 2261 302 2300 tem.
364 2274 501 2313 neque
533 2262 598 2300 est
629 2259 785 2314 dignus
817 2273 946 2314 opera
976 2258 1169 2313 patroni,
1212 2258 1283 2313 qui
1323 2272 1410 2299 non
1440 2258 1575 2299 utitur
1607 2257 1798 2299 consilio.

202 2330 244 2369 01
276 2329 389 2368 certe
420 2342 507 2369 11011
540 2327 742 2369 conuenit
773 2327 826 2382 ei,
859 2342 983 2382 quem
1014 2329 1227 2368 oratorem
1260 2341 1351 2368 esse
1381 2326 1597 2381 uolumus,
1640 2326 1800 2367 iniusta

296 2460 310 2487 1
339 2467 408 2487 nec
434 2458 469 2486 M
564 2455 749 2497 querellas
775 2456 813 2487 b:
842 2455 1013 2497 querelas
1039 2455 1109 2485 BM
1202 2456 1222 2486 2
1249 2465 1316 2486 nec
1344 2457 1535 2497 erepturas
1560 2455 1607 2494 M,
1634 2456 1799 2496 receptu-

200 2513 260 2533 ras
287 2503 308 2532 b
402 2501 569 2533 simultas
594 2502 615 2532 b
708 2503 729 2532 4
755 2500 962 2542 corrigendi
987 2502 1023 2530 M
1117 2502 1137 2532 5
1164 2501 1371 2532 continetur
1394 2502 1414 2531 b
1514 2501 1533 2531 ὃ
1560 2499 1738 2531 defendos
1764 2500 1797 2540 b,

201 2547 452 2579 defendendos
478 2549 513 2577 M
606 2547 625 2577 8
652 2547 736 2578 idco
761 2547 796 2576 M
901 2548 919 2577 9
946 2546 1058 2578 officii
1085 2547 1123 2577 b:
1151 2545 1275 2577 officio
1299 2546 1370 2576 ΒΜ
1487 2548 1527 2577 10
1552 2548 1637 2577 sunt
1663 2548 1699 2575 et
1723 2545 1798 2576 dati

202 2593 349 2625 obsides
374 2594 409 2623 M
506 2594 544 2623 12
573 2602 651 2623 curn
679 2604 741 2624 0771.
769 2592 788 2622 b
884 2593 924 2623 15
951 2595 1007 2623 est
1031 2592 1118 2625 BM:
1144 2602 1206 2625 om.
1233 2591 1295 2622 FT
1391 2591 1483 2623 alter
1508 2592 1545 2622 b:
1573 2602 1634 2623 om,
1660 2591 1731 2621 ΒΜ

200 2639 261 2670 uix
288 2641 390 2670 socia
414 2640 434 2669 b
583 2639 641 2669 cui
666 2639 718 2669 M:
746 2637 849 2668 011103
875 2638 900 2667 Β
1036 2639 1075 2668 16
1102 2647 1220 2678 neque
1247 2638 1323 2669 edd.
1352 2642 1432 2670 nell.
1460 2647 1615 2678 namque
1641 2636 1728 2676 libr-i,
1754 2647 1797 2667 an

201 2696 282 2716 nani
311 2686 455 2725 neque?
583 2683 781 2715 defendent
804 2684 824 2713 b
958 2682 1053 2714 idem
1079 2686 1297 2724 partumque
1323 2684 1356 2723 b,
1383 2683 1553 2724 idemque
1580 2684 1717 2724 portum
1743 2683 1796 2712 erl.

201 2731 317 2771 (lamp.
344 2735 377 2761 et
404 2739 424 2764 ς
520 2730 560 2760 17
588 2729 821 2770 eloquentiae
848 2739 908 2760 om.
936 2729 970 2758 M
1072 2730 1112 2760 18
1140 2732 1176 2759 et
1202 2728 1356 2759 ducetur
1380 2729 1415 2758 Μ
1533 2729 1572 2758 19
1598 2726 1797 2767 litigabunt

200 2777 249 2806 M:
278 2776 444 2815 ligabunt
469 2775 506 2813 Β,
534 2775 698 2816 litigabit
723 2775 744 2805 b
838 2774 933 2805 bona
960 2776 1041 2814 rlcjll.
1066 2775 1189 2815 pallei:
1215 2785 1276 2805 mn.
1304 2774 1371 2803 ΒΜ
1463 2775 1502 2803 ‘21
1532 2770 1584 2813 ut]
1614 2776 1676 2803 aut
1702 2772 1722 2802 b

202 2824 243 2852 225
270 2822 482 2852 sumendum
509 2821 542 2850 M
636 2822 678 2851 ‘25
705 2820 906 2851 iactantius
932 2821 968 2850 b:
996 2820 1216 2851 iactantiuln
1243 2820 1313 2850 ΒΜ
1422 2819 1464 2849 26
1490 2818 1637 2849 fortuna
1664 2827 1794 2848 causa-

202 2877 277 2897 rum
306 2867 421 2897 iustas
447 2867 468 2896 b
562 2868 604 2897 28
630 2865 844 2897 discendum
870 2865 956 2896 BM:
984 2865 1258 2906 disceptandum
1285 2865 1363 2896 edd.
1390 2868 1471 2896 nell.
1498 2868 1531 2894 el
1556 2871 1595 2897 ς,·
1621 2868 1657 2893 al
1673 2863 1719 2903 ef.
1742 2865 1794 2901 12,

202 2915 234 2950 ὃ,
254 2914 273 2939 (i
389 2914 432 2942 ⁶29
460 2916 495 2942 ct
520 2923 582 2943 om.
610 2913 662 2945 ed.
691 2911 803 2943 llomz.
914 2912 1109 2952 rnagimuni
1137 2912 1170 2950 b,
1198 2911 1284 2941 unde
1310 2910 1363 2941 ed.
1390 2908 1506 2949 Camp.
1534 2918 1704 2950 magnum

202 2958 244 2989 30
270 2958 376 2987 uaria
400 2958 436 2986 M
506 2967 590 2999 spes
615 2958 648 2997 b,
676 2967 761 2998 sepe
788 2958 823 2986 M
917 2958 955 2988 :51
986 2960 1041 2988 est
1065 2957 1106 2987 B:
1136 2956 1229 2987 enini
1256 2956 1291 2984 M
1384 2956 1426 2985 32
1453 2953 1633 2986 noluimus
1652 2954 1705 2994 Bg
1723 2956 1795 2986 lm.
