1939 3180
185 59 270 101 274
709 71 1002 110 QUINTILIANI
1034 72 1152 104 INST.
1187 72 1261 104 on.

185 173 270 214 sed
309 175 382 226 tu,
424 174 560 227 Atti,
607 174 934 228 consideres,
984 169 1194 229 censeo,
1242 175 1561 230 diligenter,
1608 178 1780 217 utrum

187 241 487 282 censorium
514 241 779 282 —iudieium
817 257 976 297 graue
1017 243 1154 284 uelis
1200 257 1313 284 esse
1359 257 1425 284 an
1463 243 1675 298 Egnati.
1737 244 1779 284 si

184 309 405 363 Egnati,
444 309 560 350 leue
592 312 693 364 est,
734 311 865 364 quod
906 307 1155 375 censores
1187 311 1244 352 de
1276 312 1471 352 ceteris
1511 312 1780 366 subscrip-

184 379 388 418 serunt:
429 377 596 432 ipsum
628 378 764 419 enim
797 378 1030 420 Gnaeum
1062 377 1371 434 Egnatium,
1404 394 1551 434 quem
1582 381 1634 420 tu
1665 393 1781 434 gra-

184 460 294 486 uem
326 459 437 486 esse
469 446 565 499 uis,
606 460 663 486 ex
703 448 889 486 senatu
929 446 1213 488 eiecerunt.
1276 447 1356 488 sin
1397 449 1567 488 autem
1602 461 1815 488 censo-5

184 528 315 568 rum,
354 513 488 554 hunc
527 513 835 568 Egnatium,
883 529 1030 568 quem
1068 517 1221 569 pater
1255 515 1499 556 censoria
1541 515 1781 556 subscri-

184 582 365 635 ptione
397 581 777 635 exheredauit,
823 597 1067 623 censores
1099 583 1150 624 in
1183 585 1395 637 senatu,
1439 597 1547 624 cum
1579 585 1780 637 patrem

115 646 495 702 34eiccissent,
529 649 887 691 retinuerunt.
950 649 1023 690 illa
1055 651 1192 705 magis
1231 651 1382 692 uitiose
1420 651 1618 692 dicuntur
1656 666 1780 705 quam

184 719 306 759 acute
338 717 666 772 reprenduntur,
700 720 1001 772 argumentum
1033 718 1207 759 dubium
1230 733 1305 773 pro
1327 719 1580 772 necessario,
1615 721 1780 760 contro-

183 800 352 826 uersum
389 800 466 840 pro
504 786 711 839 confesso,
758 800 978 827 commune
1016 786 1209 841 pluribus
1246 801 1323 841 pro
1354 787 1547 841 proprio,
1588 787 1778 841 uulgare,
1804 806 1833 826 ιω

183 868 518 908 superuacuum,
560 854 839 895 constitutum
879 856 1027 895 contra
1066 855 1204 896 fidem.
1266 870 1366 895 nam
1399 856 1440 895 et
1472 854 1562 895 illa'
1584 854 1784 895 accidunt

185 936 336 976 parum
369 922 518 975 cautis,
552 923 598 962 ut
631 922 790 962 crimen
823 924 1023 977 augeant,
1056 922 1165 977 quod
1186 923 1453 977 probandum
1475 925 1551 976 est,
1586 922 1635 963 de
1666 922 1782 963 facto

182 990 421 1044 disputent,
463 1004 557 1030 cum
588 989 638 1030 de
671 992 841 1040 auctore
873 992 1122 1045 quaeratur,
1162 990 1428 1044 inpossibilia
1460 990 1779 1045 adgrediantur,

184 1072 260 1112 pro
292 1057 454 1098 effectis
485 1057 732 1111 relinquant
759 1058 933 1099 uixdum
964 1058 1179 1112 inchoata,
1213 1058 1263 1099 de
1295 1058 1465 1100 homine
1497 1058 1635 1099 dicere
1656 1073 1782 1112 quam

115 1120 169 1160 35
183 1126 233 1166 de
266 1140 391 1166 causa
422 1125 589 1179 malint,
623 1125 843 1168 hominum
874 1126 980 1167 uitia
1010 1126 1135 1167 rebus
1168 1126 1410 1181 adsignent,
1446 1128 1492 1167 ut
1523 1126 1557 1167 si
1589 1127 1682 1181 quis
1714 1126 1780 1167 de-
1803 1142 1833 1164 15.

183 1194 462 1234 cemuiratum
494 1196 677 1248 accuset,
711 1209 797 1235 non
829 1194 1031 1249 Appium,
1065 1194 1305 1236 manifestis
1336 1197 1592 1249 repugnent,
1637 1194 1783 1235 dicant

181 1261 291 1316 quod
324 1261 445 1302 aliter
477 1261 613 1316 accipi
650 1262 802 1316 possit,
842 1277 1051 1303 summum
1090 1263 1352 1317 quaestionis
1389 1277 1476 1304 non
1514 1264 1779 1316 intueantur,

182 1345 268 1370 non
300 1329 352 1370 ad
384 1329 603 1384 proposita
634 1330 941 1384 respondeant:
981 1331 1091 1384 quod
1122 1346 1253 1372 unum
1286 1330 1514 1385 aliquando
1546 1331 1678 1385 recipi
1710 1346 1781 1387 po-

180 1400 281 1452 test,
316 1412 411 1438 cum
443 1397 555 1438 mala
587 1412 714 1439 causa
746 1398 949 1439 adhibitis
989 1399 1253 1440 extrinsecus
1284 1399 1480 1440 remediis
1511 1399 1671 1440 tuenda
1702 1401 1779 1453 est,

182 1468 229 1506 ut
261 1480 356 1506 cum
386 1465 607 1519 peculatus
638 1481 733 1507 reus
765 1466 920 1508 Verres
952 1466 1121 1508 fortiter
1152 1469 1194 1508 et
1224 1467 1431 1508 industrie
1467 1467 1602 1508 tuitus
1634 1469 1782 1508 eontra
1801 1482 1833 1506 ευ

183 1534 345 1588 piratas
377 1532 565 1575 Siciliam
596 1534 764 1575 dicitur.

113 1595 168 1636 36
298 1601 460 1643 Eadem
499 1602 700 1643 aduersus
741 1602 1098 1644 contradictiones
1137 1604 1260 1645 nobis
1299 1604 1515 1659 oppositas
1554 1606 1782 1658 praecepta

182 1673 304 1724 sunt,
344 1670 425 1711 hoc
462 1672 608 1711 tamen
647 1670 848 1725 amplius,
889 1672 999 1725 quod
1041 1673 1153 1713 circa
1193 1686 1263 1713 eas
1302 1672 1426 1713 multi
1464 1672 1624 1713 duobus
1664 1672 1781 1713 uitiis

182 1738 360 1779 diuersis
391 1738 601 1779 laborant.
645 1753 745 1779 nam
767 1739 938 1793 quidam
960 1742 1003 1781 et
1023 1740 1068 1780 in
1090 1740 1181 1780 foro
1210 1742 1427 1794 tamquam
1449 1755 1537 1781 rem
1559 1740 1780 1781 molestam

183 1808 226 1846 et
256 1807 443 1847 odiosam
474 1809 769 1860 praetereunt,
803 1809 844 1847 et
874 1808 927 1848 iis
958 1807 1224 1862 plerumque,
1257 1822 1362 1862 quae
1395 1809 1628 1863 composita
1658 1808 1780 1848 domo
1800 1823 1832 1847 Ξῖ»

183 1874 441 1928 attulerunt,
491 1875 681 1915 contenti
722 1875 813 1916 sine
852 1875 1095 1917 aduersario
1135 1876 1303 1930 dicunt,
1353 1878 1396 1917 et
1441 1876 1603 1917 scilicet
1647 1876 1780 1917 multo

182 1941 321 1997 magis
351 1942 395 1983 in
428 1942 605 1995 scholis,
646 1942 690 1982 in
723 1943 874 1997 quibus
905 1958 991 1984 non
1023 1943 1158 1985 solum
1192 1944 1549 1985 contradictiones
1580 1945 1779 1985 omittun—

183 2012 272 2064 tur,
314 2025 459 2051 uerum
501 2010 629 2051 etiam
672 2012 876 2052 materiae
914 2012 1031 2066 ipsae
1071 2013 1130 2053 sic
1170 2013 1416 2068 plerumque
1448 2014 1691 2068 finguntur,
1735 2015 1782 2053 ut

115 2072 165 2113 37
182 2078 289 2119 nihil
329 2078 412 2119 dici
451 2093 527 2132 pro
567 2081 685 2133 parte
726 2079 859 2120 altera
898 2080 1044 2134 possit.
1108 2081 1178 2121 alii
1217 2081 1441 2136 diligentia
1485 2082 1592 2135 lapsi
1640 2082 1778 2122 uerbis

273 2185 292 2214 2
320 2183 488 2224 Egnatii:
515 2184 544 2214 si
571 2184 721 2223 Egnatii
747 2192 785 2222 ς;
813 2184 842 2215 si
868 2184 959 2225 Egn.
985 2195 1044 2215 om.
1070 2185 1099 2214 A
1237 2187 1257 2216 4
1285 2187 1379 2217 enim
1407 2184 1588 2226 Gnaeum]
1619 2188 1713 2216 onim
1740 2186 1776 2225 Β,

183 2238 300 2268 genus
325 2229 399 2268 Ab,
433 2230 522 2270 quad
554 2229 715 2260 Bailerns
747 2230 792 2260 αι’]
822 2231 923 2260 locum
956 2229 1129 2261 Ciceronis
1162 2242 1207 2261 ea?
1241 2230 1305 2264 Gn,
1340 2228 1535 2272 (Gnaeum)
1568 2236 1673 2261 artum
1706 2243 1778 2260 ‹us-ss·

183 2275 285 2309 nidz't‚·
311 2276 407 2314 nulsjo
433 2284 494 2305 om.
522 2274 688 2305 Gnaeum
783 2278 819 2305 tu
838 2292 874 2295 —
891 2275 1089 2313 Egnatium
1118 2286 1223 2315 quein
1249 2286 1309 2307 om.
1335 2277 1390 2307 Ab
1484 2278 1503 2305 ἴ)
1531 2286 1716 2307 censorum
1741 2277 1776 2312 Β,

183 2325 217 2349 ιιι
242 2319 364 2350 hahent
388 2320 466 2351 libri
496 2319 658 2350 Tulliani:
685 2321 889 2351 censorium
917 2328 936 2353 ς
1053 2324 1071 2351 S
1098 2321 1186 2351 uitio
1211 2320 1252 2351 A¹
1372 2332 1479 2361 quam
1507 2321 1650 2362 li'eg‘sius:
1683 2321 1776 2362 quod

183 2365 244 2395 AB
350 2368 368 2395 ‘J
395 2364 618 2406 reprendunt
643 2365 680 2405 B,
708 2365 1021 2406 rel›rehenduntur
1047 2374 1067 2399 ς
1162 2367 1447 2398 controuersiam
1472 2367 1500 2397 A
1619 2368 1658 2397 l()
1685 2377 1777 2397 coni<

184 2421 288 2441 niune
317 2410 478 2450 pluribus
503 2411 577 2440 Ab:
606 2420 793 2441 eonnnune
820 2411 845 2440 B
963 2421 1024 2451 pro
1051 2423 1112 2442 nm.
1139 2410 1180 2441 Α1
1299 2411 1450 2452 uulgare
1478 2413 1520 2445 13:
1548 2411 1673 2454 legare
1698 2411 1777 2443 uul-

182 2466 270 2496 gare
297 2456 354 2485 Ab
449 2457 486 2486 ll
516 2456 755 2487 constitutum
781 2456 825 2488 B:
855 2465 997 2487 seruum
1024 2457 1091 2496 Ab,
1118 2458 1179 2488 sed
1203 2459 1313 2488 altera
1339 2467 1359 2488 u
1384 2459 1417 2488 in
1443 2458 1471 2487 A
1493 2462 1674 2498 punctam,
1703 2467 1760 2488 ser

184 2510 264 2531 uum
292 2501 530 2531 constitutum
556 2501 590 2540 T,
617 2501 732 2532 serius
760 2504 875 2533 const.
900 2502 924 2531 Τ
950 2512 1041 2532 corr.
1070 2507 1101 2533 et
1127 2510 1147 2536 ς
1264 2502 1436 2533 accidunt
1461 2512 1617 2544 panum
1643 2503 1672 2532 A

185 2547 223 2577 15
250 2546 370 2577 malini
396 2545 436 2589 Αἵ
532 2546 623 2577 uitia
650 2545 810 2577 Obrecht:
837 2546 913 2577 uita
939 2547 977 2586 A,
1006 2547 1117 2577 uitam
1145 2548 1201 2577 Ba
1227 2553 1259 2579 el
1284 2549 1358 2580 rell.
1453 2547 1648 2589 adsignant
1672 2547 1725 2587 Bg

183 2591 464 2622 ‹leciniuiratum
491 2592 516 2621 B
623 2592 662 2622 1ss
690 2594 841 2623 accuset
868 2592 1014 2632 appium
1041 2602 1111 2623 non
1137 2593 1157 2623 b
1263 2594 1302 2624 17
1329 2593 1471 2634 possint
1495 2593 1523 2623 A
1630 2594 1669 2623 19
1696 2603 1774 2623 euni

182 2637 224 2667 B:
252 2639 326 2666 tum
351 2637 406 2667 Ab
517 2636 653 2667 adhitis
677 2636 717 2667 A¹
830 2637 963 2667 utenda
989 2639 1017 2667 A
1140 2639 1182 2669 20
1208 2637 1384 2669 industrie
1409 2638 1472 2677 Bg,
1499 2638 1620 2673 sest-ie
1647 2639 1678 2668 z'n
1704 2649 1773 2669 ras.

184 2681 384 2713 industruie
410 2682 458 2712 Bn
485 2687 516 2712 et
541 2679 637 2722 A¹(·.>)
756 2684 896 2713 tutatus
923 2683 1003 2713 dell.
1030 2684 1131 2722 pauci
1243 2684 1285 2714 22
1313 2683 1616 2714 contradictionis
1642 2682 1683 2712 A¹

183 2728 224 2757 2:ss
252 2726 349 2757 uitiis
375 2727 447 2757 Ab:
474 2727 562 2758 uitis
588 2727 612 2757 B
708 2728 749 2758 ⁵24
777 2730 812 2757 et
838 2728 874 2758 in
902 2727 1087 2769 Spaldiny:
1114 2729 1223 2759 etiam
1249 2728 1335 2763 libri,
1364 2728 1473 2759 etiam
1501 2729 1535 2758 in
1557 2728 1678 2768 lfeyins
1704 2734 1736 2759 et
1754 2738 1774 2763 ς

184 2773 356 2811 ‘rvferlm-
383 2775 418 2803 et
444 2774 490 2803 ml
515 2775 550 2803 et
575 2772 737 2803 seilicet’
765 2773 810 2811 (ιι.
834 2772 890 2811 26)
983 2774 1025 2804 25
1052 2777 1307 2814 practereunl·
1324 2774 1362 2807 A,
1390 2776 1682 2813 praetereuntem
1708 2775 1727 2804 b

185 2820 220 2847 vt
246 2817 301 2847 his
328 2816 372 2857 (is
398 2816 457 2858 A¹)
483 2819 548 2856 Ab,
578 2818 713 2849 etenim
740 2818 764 2847 B
880 2818 921 2848 26
948 2819 1109 2849 contenti
1134 2820 1178 2848 A:
1208 2819 1410 2849 continenti
1435 2819 1470 2855 B,
1500 2820 1583 2859 sbrl.
1611 2819 1773 2850 contenti

184 2863 284 2901 quasi
311 2863 388 2893 sine
417 2873 448 2894 a.
543 2864 584 2894 ⁶27
611 2862 719 2894 scolis
744 2864 772 2892 A
866 2873 935 2894 non
962 2873 999 2894 a:
1027 2875 1085 2894 om.
1114 2864 1174 2894 AB
1275 2865 1317 2894 23
1344 2864 1419 2904 ipse
1446 2865 1470 2894 B
1587 2867 1628 2896 29
1656 2864 1703 2895 ali
1729 2864 1768 2894 A¹

275 2906 368 2947 lapsi
394 2907 436 2939 B:
465 2908 536 2949 ipsi
562 2909 601 2948 A,
628 2908 720 2949 ipsis
746 2919 765 2938 a
