1939 3180
126 68 211 110 322
651 75 948 116 QUINTILIANI
979 75 1099 107 msr.
1133 75 1209 107 oa.

58 181 112 223 65
127 187 238 223 esset
267 198 289 222 »ι
310 197 331 222 *
370 178 622 234 ‘aliquando
661 179 828 221 desinet
868 181 1056 235 putere’.
1117 177 1304 220 onerabo
1343 177 1500 220 librum
1531 178 1736 234 exemplis
1781 166 1792 169 l
1822 235 1824 237 Ι

126 249 391 304 similemque
421 248 488 302 iis,
521 247 593 302 qui
623 247 734 289 risus
765 238 908 303 gratia
940 248 1266 303 componuntur,
1298 246 1497 302 efficiam,
1531 247 1567 289 si
1596 261 1736 303 perse·
1789 249 1791 251 ’
1854 235 1859 240 .

126 319 198 374 qui
229 317 403 359 uoluero
435 315 607 371 singula
637 318 846 358 ueterum.

239 385 305 427 Ex
343 384 539 426 omnibus
580 387 932 441 argumentorum
972 385 1075 428 locis
1116 385 1262 427 eadem
1301 385 1467 427 occasio
1498 387 1576 427 est.
1637 399 1736 426 nam

126 456 169 496 et
199 454 396 495 finitione
426 468 526 495 usus
558 456 624 495 est
654 454 879 509 Augustus
910 454 961 496 de
990 453 1268 509 pantomimis
1299 453 1476 509 duobus,
1510 453 1580 509 qui
1609 453 1735 495 alter·
1755 466 1771 492 5

126 523 194 564 nis
226 522 419 578 gestibus
453 522 793 577 contendebant,
834 537 929 564 cum
967 522 1331 564 eorumalterum
1372 522 1574 564 saltorem
1613 522 1734 577 dixit,

57 591 112 632 66
130 592 312 633 alterum
343 591 727 647 interpellatorem,
762 593 805 633 et
834 592 1068 647 partitione
1101 590 1252 646 Galba,
1288 606 1382 633 cum
1413 591 1640 646 paenulam
1673 605 1736 632 ro-

127 661 251 716 ganti
291 659 531 715 respondit:
572 664 682 701 enon
719 660 851 715 pluit,
892 675 980 702 non
1019 675 1124 715 opus
1157 662 1222 702 est
1260 660 1361 701 tibi:
1402 659 1437 701 si
1477 659 1600 715 pluit,
1645 660 1736 714 ipse

127 732 262 771 utar’.
325 727 504 783 proinde
535 743 715 784 genere,
757 729 918 784 specie,
959 729 1167 784 propriis,
1209 728 1526 782 differentibus,
1560 728 1734 784 iugatis,

129 797 357 852 adiunctis,
393 797 767 852 consequentibus,
802 798 1171 852 antecedentibus,
1196 796 1553 853 repugnantibus,
1579 797 1730 851 causis,
1755 788 1789 833 10⁷

127 866 305 920 effectis,
341 866 661 920 comparatione
683 867 863 922 parium,
896 867 1118 921 maiorum,
1151 866 1360 907 minorum
1386 865 1535 907 similis
1556 865 1737 907 materia

60 935 112 977 67
129 935 373 990 praebetur,
407 935 519 976 sicut
549 935 594 976 in
625 937 771 991 tropos
804 949 970 990 quoque
1000 935 1140 977 omnis
1173 935 1300 977 cadit.
1345 950 1400 976 an
1431 949 1518 976 non
1550 934 1757 989 plurima

120 1019 198 1056 per
236 1007 478 1058 hyperbolen
520 1003 751 1046 dicuntur?
795 1004 919 1059 quale
965 1004 1099 1045 refert
1137 1003 1283 1046 Cicero
1323 1003 1373 1044 de
1412 994 1584 1045 homine
1615 1018 1735 1058 prae-

124 1073 279 1132 longo,
326 1074 487 1127 caput
527 1088 638 1114 eum
677 1072 737 1114 ad
776 1072 1036 1114 fornicem
1077 1073 1293 1114 Fabium
1331 1071 1737 1127 offendissefet

126 1142 237 1197 quod
268 1141 317 1183 P.
353 1141 519 1196 Oppius
551 1141 659 1182 dixit
689 1141 739 1182 de
771 1155 929 1196 genere
960 1140 1251 1195 Lentulorum,
1285 1155 1380 1182 cum
1413 1141 1578 1182 assidue
1600 1141 1734 1182 mino-
1755 1149 1788 1176 15

56 1211 110 1252 68
125 1225 191 1252 res
230 1209 481 1265 parentibus
520 1209 644 1251 liberi
685 1212 849 1264 essent,
892 1210 1165 1251 nascendo
1210 1209 1573 1251 interiturum.
1636 1209 1735 1265 quid

124 1278 296 1321 ironia?
326 1293 471 1320 nonne
504 1279 633 1320 etiam
665 1293 773 1334 quae
805 1278 1073 1320 seuerissime
1103 1278 1164 1333 fit,
1197 1278 1279 1319 ioci
1309 1293 1441 1333 prope
1473 1292 1608 1334 genus
1640 1278 1736 1320 est‘?

125 1363 208 1403 qua
238 1347 402 1388 urbane
434 1362 534 1389 usus
565 1350 629 1389 est
661 1347 781 1403 Afer,
814 1362 907 1389 cum
939 1346 1067 1389 Didio
1099 1346 1235 1402 Gallo,
1268 1347 1340 1402 qui
1361 1346 1629 1402 prouinciam
1651 1361 1735 1387 am-

124 1416 398 1458 bitiosissime
436 1416 641 1471 petierat,
691 1416 864 1470 deinde,
908 1416 1140 1471 impetrata
1180 1430 1250 1470 ea,
1297 1417 1517 1471 tamquam
1564 1417 1736 1457 coactus

125 1485 396 1540 querebatur,
429 1489 561 1540 ‘age'
594 1485 735 1540 inquit
767 1484 954 1540 ‘aliquid
986 1487 1029 1526 et
1058 1485 1119 1526 rei
1151 1484 1347 1539 publicae
1380 1489 1542 1525 causa’.
1604 1486 1737 1526 meta·
1755 1492 1788 1518 20

126 1554 259 1609 phora
297 1567 462 1609 quoque
502 1552 649 1596 Cicero
686 1554 808 1608 lusit,
847 1568 942 1595 cum
981 1553 1133 1595 Vatini
1171 1556 1307 1595 morte
1345 1552 1568 1607 nuntiata,
1619 1552 1735 1594 cuius

124 1638 276 1678 parum
309 1625 448 1664 certus
481 1622 704 1664 dicebatur
735 1624 906 1676 auctor,
949 1622 1167 1664 ‘interim’
1206 1611 1349 1677 inqu-it
1390 1627 1542 1663 ‘usura
1573 1621 1733 1662 fruar’.

57 1695 112 1736 69
125 1692 238 1734 idem
259 1706 335 1746 per
357 1691 607 1747 allegoriam
629 1691 686 1734 M.
711 1692 917 1746 Caelium,
953 1691 1102 1732 melius
1124 1691 1382 1733 obicientem
1406 1690 1586 1732 crimina
1609 1704 1735 1745 quam

125 1760 443 1814 defendentem,
476 1760 635 1801 bonam
666 1760 884 1815 dextram,
918 1760 1077 1801 malam
1109 1759 1329 1801 sinistram
1361 1760 1519 1801 habere
1551 1759 1733 1800 dicebat,

125 1828 318 1884 emphasi
340 1828 394 1869 A.
419 1828 574 1870 Villius
606 1829 726 1884 dixit,
760 1831 785 1881 ’ἰ-
797 1830 957 1870 ferrum
989 1828 1032 1870 in
1066 1828 1270 1870 Tuccium
1302 1828 1515 1870 incidisse.
1572 1828 1733 1883 figuras
1753 1835 1786 1861 25

219 1936 270 1967 13.
299 1934 347 1968 cf.
376 1933 420 1966 de
448 1933 548 1966 Orat.
574 1936 606 1976 2,
633 1935 688 1976 66,
715 1935 792 1968 267.

220 2028 233 2057 1
263 2026 407 2058 desinet
431 2035 494 2058 om.
522 2024 559 2056 G'
656 2025 945 2067 puterconerabo
971 2026 998 2056 G
1091 2027 1110 2057 ἱ).
1138 2024 1299 2057 afficiam
1318 2026 1387 2056 GM
1481 2024 1690 2067 persequiA

127 2075 146 2105 6
161 2072 324 2115 gestibus
339 2072 406 2103 Gs.
424 2073 443 2105 l.
510 2071 683 2103 saltorem
699 2072 822 2106 AGM:
843 2072 1058 2104 saltatorem
1075 2072 1094 2102 S
1109 2076 1141 2102 et
1155 2072 1237 2104 dell.
1315 2073 1333 2103 7
1347 2070 1543 2113 paenulam
1557 2071 1603 2101 A:
1623 2079 1737 2112 penu-

127 2118 199 2150 lam
214 2119 321 2157 MS<3‚
342 2117 560 2159 penaeulam
577 2118 603 2147 G
674 2118 693 2149 8
712 2128 782 2150 non
801 2117 922 2159 pluuit
934 2116 990 2155 A¹‚
1011 2117 1126 2148 sinon
1143 2117 1238 2158 pluit
1252 2117 1377 2149 Daniel
1446 2117 1477 2148 si
1494 2116 1614 2158 pluuit
1626 2116 1691 2147 AG

127 2166 147 2196 9
172 2166 257 2205 poss
276 2162 428 2205 proinde
456 2164 577 2194 lacuna
600 2164 697 2195 unius
722 2163 839 2197 noeab.
867 2164 901 2194 2⁹72
926 2163 955 2193 A
1050 2163 1171 2204 propis
1195 2162 1237 2193 A'
1342 2164 1381 2193 12
1408 2172 1532 2194 omnes
1559 2170 1580 2197 ς
1675 2171 1734 2193 ca-

128 2211 218 2241 dunt
246 2210 276 2250 S,
306 2208 433 2240 eadem
452 2209 488 2238 M
583 2210 623 2240 13
649 2219 713 2251 per
737 2208 965 2251 hyperbolen
990 2209 1123 2240 addidit
1143 2209 1276 2249 Reffl'zls,
1302 2209 1388 2240 idem
1413 2207 1496 2240 καθ’
1519 2205 1735 2248 ὑπερβολήν

124 2265 340 2297 proponens,
373 2259 409 2286 ut
434 2259 484 2286 est
508 2256 542 2286 in
567 2262 588 2289 ς
728 2254 837 2296 quale
863 2253 951 2296 ΑΘ)
978 2259 1011 2286 et
1036 2254 1180 2295 Regius:
1214 2253 1307 2295 quod
1334 2254 1377 2294 G,
1410 2263 1505 2294 quae
1532 2253 1625 2295 (qui)
1653 2254 1735 2287 dett.

124 2302 209 2341 fort.
238 2300 345 2343 quale
374 2300 469 2341 quod
588 2302 628 2333 16
656 2310 738 2332 esse
765 2301 862 2331 GMS
982 2300 1214 2331 interiturum
1242 2300 1390 2331 Gesner:
1416 2300 1735 2340 interitturumque

126 2347 167 2388 A,
193 2347 321 2378 interit
349 2346 509 2386 (interim
537 2346 570 2385 S)
598 2349 751 2388 utrumq.
781 2347 854 2387 GS,
882 2346 1015 2378 uicerit
1040 2349 1196 2387 utrumq.
1223 2346 1258 2375 M
1377 2347 1416 2377 17
1443 2345 1668 2377 siuerissime
1693 2344 1734 2384 A,

127 2394 176 2424 sit
199 2392 395 2425 uerissime
422 2393 532 2433 GMS,
559 2403 618 2425 em.
647 2392 815 2434 Spaldz'ny
931 2391 971 2423 fit
995 2402 1055 2426 om,
1084 2393 1103 2422 S
1221 2391 1293 2423 ioci
1318 2400 1354 2422 a:
1389 2390 1461 2422 loci
1486 2391 1620 2422 AGMS

127 2449 238 2481 prope
264 2439 316 2469 M:
345 2448 480 2480 proene
506 2438 545 2478 A,
571 2448 618 2479 pe
647 2438 730 2479 (pro
755 2437 843 2480 <ppe)
871 2438 907 2477 G,
934 2437 1079 2479 proprie
1108 2438 1126 2467 S
1235 2438 1274 2468 18
1302 2439 1371 2477 qua
1395 2437 1493 2469 codd.
1588 2436 1733 2478 prouin-

128 2485 217 2516 tiam
243 2484 335 2514 AGS
455 2485 496 2515 19
523 2494 567 2516 ea
593 2494 652 2516 om.
680 2482 719 2514 G¹
838 2485 881 2515 ‘20
907 2483 1131 2524 querebatur
1154 2483 1183 2513 A
1208 2486 1241 2514 in
1266 2493 1339 2514 ras.
1444 2482 1577 2524 aliquit
1599 2480 1642 2512 A¹

129 2540 255 2570 eausa,
283 2528 500 2571 metaphora
523 2531 667 2571 scripsi:
694 2539 845 2561 causam
871 2532 908 2560 et
935 2529 1049 2560 abora
1072 2529 1118 2569 A,
1153 2538 1302 2560 causam
1331 2531 1366 2559 et
1393 2527 1520 2560 labora
1546 2528 1589 2565 G,
1623 2536 1733 2558 causa

130 2579 166 2607 et
191 2575 320 2607 labore
338 2575 385 2616 M,
415 2585 570 2606 causare
598 2579 634 2607 et
659 2575 773 2607 abora
799 2585 831 2616 a,
861 2584 972 2606 causa
1001 2574 1151 2606 elabora
1168 2575 1233 2612 853
1262 2583 1292 2605 c.
1321 2573 1490 2605 elabora:
1517 2571 1733 2613 metaphora

128 2621 307 2662 Spalding,
336 2630 449 2652 causa
476 2620 665 2653 elabora’:
695 2631 837 2662 quaque
865 2620 942 2654 Cic.
970 2619 1054 2652 lusit
1081 2621 1158 2652 edd.
1182 2620 1354 2651 sententia
1380 2624 1449 2650 est:
1486 2628 1563 2649 cum
1582 2620 1733 2648 «santum

128 2670 191 2698 tua
220 2676 332 2697 causa
360 2667 492 2708 egeris,
519 2667 592 2698 iam
620 2677 689 2708 age
718 2665 855 2708 aliquid
882 2668 919 2698 et
944 2666 997 2697 rei
1024 2677 1057 2707 p.
1087 2675 1211 2700 eausa,
1340 2666 1380 2695 21
1409 2662 1731 2705 quoqueAGMS:

130 2722 271 2753 quaque
299 2722 320 2747 ς
451 2711 541 2744 lusit
565 2713 654 2745 AM:
682 2712 790 2743 iussit
815 2713 854 2752 G,
881 2721 969 2743 usus
994 2712 1043 2742 sit
1067 2712 1086 2741 S
1210 2710 1353 2743 Vatinii
1378 2710 1437 2749 ὃς,
1465 2707 1582 2740 natiui
1606 2708 1641 2737 M

128 2759 170 2788 22
199 2758 340 2789 cercius
366 2758 393 2787 G
487 2759 530 2790 23
557 2758 763 2800 allegorian
789 2758 875 2792 (ἔας
971 2756 1143 2788 caellium
1168 2756 1208 2795 A,
1235 2755 1380 2787 cellium
1405 2755 1475 2784 GM
1590 2754 1633 2784 25
1660 2762 1731 2783 em—

130 2802 389 2843 phasiauillius
414 2804 458 2843 G,
489 2803 653 2845 emphasi
680 2803 829 2835 atullius
854 2803 900 2843 A,
928 2802 1117 2844 emphasia
1143 2800 1268 2833 uillius
1293 2801 1346 2841 M,
1381 2798 1572 2841 emphasia
1598 2797 1731 2829 nullius

130 2850 160 2887 S,
190 2849 450 2880 antonomasia
476 2849 591 2881 Iulius
619 2849 807 2891 Spaldz'nffi
839 2859 908 2880 enm
935 2849 967 2879 in
992 2849 1021 2878 A
1045 2849 1161 2880 littera
1186 2849 1200 2877 t
1225 2856 1271 2878 ex
1295 2846 1507 2877 correctione
1531 2845 1592 2884 sic,
1618 2844 1732 2875 lectio-

132 2904 202 2924 nem
227 2895 395 2935 unlyatam
419 2894 461 2927 A.
488 2894 631 2926 Tullius
656 2897 744 2927 omni
764 2895 985 2935 fundamento
1011 2903 1132 2925 carere
1157 2896 1305 2933 appar-et
1423 2889 1552 2921 forrum
1580 2890 1620 2930 A,
1645 2890 1729 2929 fort.

131 2938 287 2969 ferreum
383 2939 562 2972 eccidisse
588 2939 627 2970 G¹
