1939 3180
102 715 154 755 21

169 117 253 160 244
324 146 327 150 .
693 126 987 166 QUINTILIANI
1018 125 1137 158 INsT.
1172 125 1248 159 oR.

104 235 158 276 20
171 235 299 274 tator.
361 234 452 272 tum
484 246 633 272 causas
665 230 733 272 uel
765 230 956 284 easdem,
990 244 1094 285 quas
1127 230 1198 286 agi
1229 229 1432 284 audierit,
1474 229 1573 271 stilo
1612 228 1654 271 et
1683 229 1774 284 ipse

173 302 415 355 componat,
448 300 515 341 uel
547 299 677 341 etiam
709 299 836 340 alias.
870 312 994 340 ueras
1025 299 1172 350 modo,
1204 294 1246 340 et
1276 299 1490 354 utrimque
1520 300 1678 339 tractet
1717 300 1772 352 et,

171 369 282 424 quod
312 369 358 410 in
397 368 708 424 gladiatoribus
745 368 838 408 fieri
877 366 1089 421 uidemus,
1133 367 1378 408 decretoriis
1419 368 1687 420 exerceatur,
1727 368 1775 406 ut

170 438 322 479 fecisse
355 436 537 478 Brut-um
559 437 742 478 diximus
773 449 850 491 pro
872 435 1047 477 Milone.
1090 435 1241 476 melius
1271 435 1353 477 hoc
1384 449 1511 490 quam
1542 434 1774 475 rescribere

171 506 388 548 ueteribus
420 505 699 559 orationibus,
733 508 780 545 ut
800 503 904 545 fecit
934 495 1280 553 Cestiuscontra
1313 490 1529 545 Ciceronis
1562 503 1773 544 actionem

171 575 364 616 habitam
395 589 472 629 pro
504 574 664 628 eodem,
700 588 794 614 cum
824 572 1003 613 alteram
1034 574 1200 627 partem
1233 572 1335 613 satis
1366 586 1490 613 nosse
1512 586 1601 613 non
1631 573 1775 626 posset

172 659 221 685 ex
255 640 638 685 sola'defensione.

286 711 421 754 Citius
453 712 594 753 autem
624 710 659 752 is
691 710 868 752 idoneus
901 710 982 751 erit
1011 709 1221 762 iuuenis„
1244 723 1368 763 quem
1399 710 1653 764 praeceptor
1685 723 1774 750 coe-

173 781 288 836 gerit
317 780 363 821 in
395 779 674 821 declamando
705 794 832 834 quam
865 777 1126 820 simillimum
1159 791 1248 818 esse
1280 777 1452 818 ueritati
1484 779 1527 819 et
1556 791 1632 831 per
1661 779 1775 818 totas

171 850 232 891 ire
277 849 501 903 materiaS,
558 863 737 903 quarum
789 862 906 889 nunc
950 846 1155 887 facillima
1201 848 1243 887 et
1286 846 1470 887 maxime
1522 845 1776 887 fauorabilia

173 918 419 973 decerpunt.
481 917 657 958 obstant
686 916 805 970 huic,
839 916 949 970 quod
981 915 1167 957 secundo
1206 915 1298 956 loco
1336 915 1480 969 posui,
1520 914 1609 955 fere
1649 913 1775 954 turba

172 987 475 1041 discipulorum
506 988 549 1027 et
581 984 841 1026 consuetudo
881 983 1079 1025 classium
1112 983 1237 1025 certis
1269 983 1417 1024 diebus
1449 982 1771 1036 audiendarum,

170 1055 370 1097 nonnihil
402 1054 532 1096 etiam
562 1053 781 1108 persuasio
812 1055 984 1107 patruni
1023 1052 1343 1093 numerantium
1385 1052 1524 1106 potius
1565 1051 1774 1092 declama-

106 1126 160 1167 22
176 1125 313 1165 tiones
346 1138 473 1178 quam
506 1122 839 1163 aestimantium.
903 1121 997 1175 sed,
1040 1122 1148 1175 quod
1181 1120 1268 1161 dixi
1298 1120 1461 1175 primo,
1498 1122 1546 1161 ut
1577 1119 1774 1173 arbitror,

172 1193 293 1247 libro,
327 1206 407 1233 nec
437 1191 509 1232 ille
541 1206 584 1232 se
606 1192 743 1232 bonus
764 1192 1016 1245 praeceptor
1037 1189 1196 1230 maiore
1218 1203 1395 1230 numero
1418 1203 1543 1243 quam
1565 1187 1774 1229 sustinere

1795 859 1827 882 10

1796 1199 1827 1225 15

172 1261 309 1317 possit
339 1260 534 1301 onerabit
565 1262 608 1301 et
639 1259 818 1301 nimiam
849 1258 1154 1313 loquacitatem
1185 1257 1360 1311 recidet,
1402 1259 1448 1298 ut
1477 1256 1634 1311 omnia,
1668 1270 1804 1311 quae,

173 1332 274 1371 sunt
303 1329 349 1371 in
382 1329 687 1382 controuersia,
720 1342 821 1381 non,
854 1329 902 1368 ut
931 1327 1104 1382 quidam
1135 1326 1300 1379 uolunt,
1333 1340 1440 1380 quae
1472 1325 1517 1366 in
1539 1339 1679 1366 rerum
1702 1339 1775 1365 na-

172 1402 281 1453 tura,
316 1398 534 1451 dicantur,
568 1399 610 1438 et
640 1396 707 1438 uel
738 1395 933 1451 longiore
964 1396 1106 1450 potius
1138 1395 1301 1435 dierum
1339 1393 1477 1448 spatio
1516 1393 1679 1434 laxabit
1717 1393 1776 1433 di-

105 1472 160 1513 23
177 1467 299 1509 cendi
332 1466 635 1508 necessitatem
673 1465 741 1506 uel
779 1464 980 1505 materias
1020 1463 1208 1505 diuidere
1248 1463 1482 1517 permittet.
1545 1462 1776 1517 diligenter

174 1536 324 1577 effecta
355 1536 450 1591 plus
481 1534 672 1590 proderit
692 1548 820 1589 quam
851 1533 993 1588 plures
1024 1531 1250 1574 inchoatae
1283 1534 1325 1573 et
1355 1531 1475 1586 quasi
1508 1530 1773 1585 degustatae.

174 1607 348 1660 propter
380 1604 487 1659 quod
522 1603 692 1657 accidit,
726 1604 773 1643 ut
802 1617 882 1643 nec
913 1616 988 1643 suo
1018 1601 1110 1643 loco
1142 1600 1326 1655 quidque
1357 1602 1557 1654 ponatur,
1591 1613 1669 1639 nec
1702 1598 1776 1639 illa

176 1688 283 1729 quae
305 1674 443 1729 prima
466 1674 567 1713 sunt
588 1673 762 1713 seruent
783 1686 904 1712 suam
931 1671 1085 1725 legem,
1118 1669 1345 1710 iuuenibus
1367 1667 1562 1709 flosculos
1585 1666 1773 1708 omnium

177 1742 363 1797 partium
395 1742 441 1783 in
474 1756 523 1782 ea
546 1755 654 1796 quae
676 1741 777 1781 sunt
798 1739 952 1780 dicturi
978 1737 1330 1793 congerentibus:
1364 1751 1445 1791 quo
1476 1737 1526 1778 fit
1548 1738 1593 1777 ut
1623 1736 1775 1776 timen-

174 1815 252 1866 tes,
286 1826 339 1852 ne
372 1810 594 1865 sequentia
624 1808 820 1863 perdant,
854 1807 997 1862 priora
1031 1806 1312 1848 confundant.

1796 1541 1828 1566 ‘20

288 1879 363 1921 VI.
404 1878 605 1919 Proxima
644 1876 742 1918 stilo
783 1876 1050 1931 cogitatio
1091 1877 1177 1929 est,
1220 1889 1327 1929 quae
1368 1875 1410 1914 et
1448 1873 1541 1927 ipsa
1580 1873 1692 1913 uires
1725 1871 1777 1912 ab
1797 1882 1829 1904 *2:'1

175 1949 254 1988 hoc
286 1946 442 2001 accipit
472 1949 515 1987 et
546 1948 609 1987 est
640 1946 754 1986 inter
782 1944 997 1986 scribendi
1027 1944 1217 1984 laborem
1249 1940 1663 1996 extemporalemque
1695 1940 1776 1980 for-

176 2020 325 2057 tunam
365 2015 503 2056 media
543 2014 749 2069 quaedam
791 2017 834 2054 et
872 2013 1016 2054 nescio
1048 2027 1101 2052 an
1134 2026 1234 2052 usus
1266 2009 1615 2065 frequentissimi.
1678 2023 1776 2049 nam

177 2085 361 2125 scribere
393 2098 476 2125 non
510 2083 667 2138 ubique
699 2097 777 2123 nec
809 2096 976 2137 semper
1007 2095 1253 2135 possumus,
1289 2078 1542 2133 cogitationi
1574 2077 1778 2131 temporis

178 2168 226 2195 ac
257 2153 339 2194 loci
362 2152 591 2207 plurimum
613 2153 689 2192 est.
733 2150 838 2192 haec
859 2150 1006 2205 paucis
1038 2149 1264 2190 admodum
1296 2147 1411 2187 horis
1434 2161 1615 2200 magnas
1648 2145 1775 2185 etiam

179 2236 328 2264 causas
352 2221 671 2275 complectitur:
702 2220 821 2273 haec,
856 2218 1052 2273 quotiens
1075 2217 1343 2258 intermissus
1366 2218 1429 2256 est
1452 2205 1637 2267 somnus,
1672 2213 1775 2267 ipsis¹

272 2352 286 2381 l
314 2348 402 2391 tum]
433 2353 469 2381 ct
493 2351 513 2380 b
631 2358 762 2379 causas
787 2359 848 2380 om.
876 2347 911 2376 M
1038 2347 1057 2376 2
1084 2342 1160 2387 uel]
1189 2355 1227 2375 se
1256 2344 1313 2374 1191
1339 2345 1359 2374 b
1474 2353 1582 2373 ueras
1608 2341 1693 2371 BM:
1722 2340 1780 2371 uel

178 2396 271 2427 alias
297 2398 316 2426 b
410 2400 603 2435 utrumque
629 2395 709 2433 ΒΜ,
737 2404 795 2424 em.
824 2394 858 2423 in
883 2394 936 2425 etl.
966 2392 1093 2432 Gryple,
1219 2394 1238 2421 3
1264 2389 1480 2421 decretoriis
1505 2389 1579 2420 cod.
1612 2387 1782 2417 l‘allensz's

178 2453 270 2474 corr.
296 2446 328 2473 et
354 2442 429 2472 Nic.
458 2441 589 2472 Faber:
617 2438 836 2470 derectoriis
862 2439 898 2473 B,
928 2437 1126 2467 detectoris
1152 2437 1184 2475 b,
1212 2435 1269 2466 uel
1297 2434 1492 2466 rhetoricis
1510 2434 1557 2473 M,
1586 2433 1695 2464 armis
1721 2431 1780 2461 dea

179 2491 267 2519 uret.
296 2488 481 2528 Spalclz'nffi
507 2487 551 2526 ef.
573 2489 603 2526 li,
624 2488 654 2521 4,
675 2489 693 2513 ti
809 2487 829 2515 5
857 2482 994 2513 cestius
1020 2483 1108 2513 BM:
1143 2481 1276 2512 sestius
1303 2482 1384 2512 dett.
1502 2480 1522 2510 6
1548 2477 1674 2510 eodem
1698 2478 1778 2507 Mb:

179 2534 307 2564 cadem
333 2533 359 2562 B
453 2533 536 2562 sitis
562 2532 581 2562 b
676 2529 696 2560 ὃ
722 2531 752 2560 is
778 2541 855 2561 nos:
883 2529 912 2559 si
939 2528 977 2568 B⁷
1005 2540 1064 2559 um.
1092 2528 1168 2567 Mb,
1196 2528 1249 2558 sic
1277 2529 1320 2557 al.
1415 2527 1434 2556 9
1461 2527 1541 2556 tota
1566 2524 1660 2555 scire
1686 2524 1706 2553 b

181 2582 221 2610 10
249 2583 285 2610 et
309 2579 353 2609 B:
383 2580 420 2608 ut
445 2578 522 2617 Mb,
550 2580 613 2607 aut
637 2577 691 2607 ed.
715 2576 828 2616 Camp,
902 2575 941 2604 11
970 2572 1060 2615 fere]
1091 2573 1240 2613 refertq3
1266 2573 1302 2601 Μ
1373 2573 1414 2603 15
1440 2580 1485 2601 ne
1514 2569 1573 2601 ille
1599 2570 1635 2599 M
1706 2579 1775 2598 ma-

182 2626 277 2656 10195
301 2625 323 2655 b
418 2622 591 2654 sustineri
617 2622 643 2652 B
752 2622 791 2651 16
819 2618 867 2661 et]
896 2622 936 2650 ut
960 2619 995 2648 M
1089 2619 1239 2649 nimiam
1264 2618 1350 2648 BM:
1379 2616 1550 2647 animiam
1577 2616 1609 2655 b,
1638 2615 1779 2644 inanem

179 2672 231 2702 ml.
261 2670 374 2710 Camp,
403 2673 434 2699 et
460 2677 480 2703 ς
581 2666 722 2698 recidet.
747 2667 825 2697 edd.
852 2670 932 2696 nell.
962 2664 1126 2696 recidere
1152 2664 1222 2693 ΒΜ
1339 2664 1379 2694 17
1406 2664 1440 2692 in
1469 2672 1529 2692 om.
1554 2661 1589 2689 M
1704 2658 1764 2698 qui

181 2716 261 2746 dam
289 2716 375 2745 BM:
403 2715 547 2755 quidem
575 2715 636 2743 FT
756 2713 795 2743 19
822 2711 973 2741 materiai
999 2709 1198 2740 sidiuidcre,
1225 2709 1277 2748 Bg·
1381 2707 1413 2738 d.
1439 2706 1572 2737 effecta
1597 2705 1682 2735 BM:
1709 2714 1781 2733 una

180 2762 212 2793 d.
240 2760 369 2792 effecta
394 2760 536 2801 Reflsns,
565 2769 637 2789 una
664 2758 756 2788 enim
785 2757 819 2788 d.
849 2756 985 2786 effecta
1014 2755 1145 2786 Badius
1170 2760 1203 2785 el
1228 2762 1247 2788 ς
1353 2755 1395 2784 ⁴20
1421 2752 1571 2791 degusto.
1597 2751 1644 2789 M,
1672 2750 1780 2789 dege—

181 2810 277 2837 statc
304 2808 323 2837 b
442 2808 483 2837 ‘23
511 2804 603 2845 quod
632 2804 669 2833 fit
694 2805 713 2833 b
846 2803 889 2832 24-
916 2800 1119 2833 901111111111111
1144 2802 1194 2839 M;
1222 2801 1373 2841 seqnitur·
1399 2799 1429 2828 ῖη
1456 2796 1550 2827 libris
1578 2797 1689 2826 [Malim
1719 2794 1779 2825 lii-1

181 2850 513 2883 ⁴·OG1TATION1‹]
609 2851 651 2880 ‘25
678 2858 770 2889 quae
799 2851 854 2880 est
880 2849 959 2889 ipsa
985 2848 1004 2876 b
1121 2848 1163 2876 ‘20'
1191 2845 1326 2885 accipit
1351 2847 1406 2873 est,
1432 2852 1523 2883 (luae
1550 2841 1645 2871 inter
1670 2841 1690 2870 b

183 2897 433 2938 extemporalc
460 2898 479 2927 b
574 2897 615 2926 27
645 2905 690 2925 an
717 2904 802 2925 usus
827 2893 913 2923 BM:
942 2902 1058 2923 annus
1084 2893 1103 2922 b
1203 2892 1245 2922 28
1271 2900 1340 2920 11011
1368 2889 1500 2928 ubique
1527 2887 1611 2917 BM:
1641 2896 1721 2917 nam
1750 2896 1780 2915 u.

182 2945 210 2976 b,
240 2953 306 2973 nec
334 2953 365 2975 u.
394 2951 413 2975 ς
515 2942 693 2981 cogitatio
718 2940 740 2970 b
856 2938 1030 2979 temporis
1058 2948 1099 2967 ac
1127 2936 1197 2967 loci
1224 2935 1304 2965 Mb:
1333 2933 1556 2975 temporibus
1585 2943 1625 2963 ac
1653 2931 1732 2963 loco
1757 2931 1781 2961 B

272 2990 312 3018 25)
341 2987 528 3018 admodum
556 2989 572 3015 Γ·
600 2986 695 3016 horis
722 2986 784 3015 Mb

1798 2225 1831 2246 so
