1939 3228
753 120 795 157 v.
844 125 899 170 10,
922 119 1027 155 40-ἡ
1038 126 1092 158 51.
1634 118 1718 160 239

133 226 284 268 ‘sonus
324 225 491 268 auditus
530 229 638 281 est',
685 228 956 270 adhaerentis
993 230 1177 272 ‘clamor
1214 229 1404 272 sublatus
1444 233 1542 273 est'.
1607 231 1716 273 inse-

132 294 299 349 quentis
331 296 432 335 sunt
461 294 555 335 illa:
587 294 786 349 ‘latuisti,
827 296 1076 352 profugisti,
1115 298 1270 339 liuores
1302 301 1344 350 et
1372 300 1559 340 tumores
1589 314 1716 354 appa-

95 398 107 404 -
132 364 346 402 ruerunt’.
406 361 540 402 isdem
578 364 816 416 temporum
854 364 1055 418 gradibus
1093 365 1290 406 defensor
1320 350 1469 408 ‘utetur
1499 367 1551 408 ad
1581 367 1716 408 detra-

84 847 115 871 10

85 1522 117 1545 20

131 428 314 469 hendam
330 428 381 482 ei,
403 429 514 484 quod
530 429 723 484 obicitur,
740 430 879 472 fidem.
918 432 964 472 in
979 431 1029 472 iis
1046 433 1183 473 omnis
1198 433 1407 474 factorum
1428 434 1716 490 dictorumque
1729 436 1781 476 47

133 496 241 536 ratio
271 498 489 550 uersatur,
522 497 595 538 sed
633 497 871 552 dupliciter.
932 513 1031 539 nam
1068 500 1178 541 fiunt
1208 501 1434 555 quaedam,
1474 502 1572 556 quia
1603 503 1717 544 aliud

132 566 278 617 postea
308 563 497 605 futurum
535 566 618 618 est,
657 565 884 619 quaedam,
923 566 1021 620 quia
1058 566 1172 608 aliud
1203 570 1329 609 antea
1358 569 1520 610 factum
1551 572 1631 612 est:
1671 574 1718 612 ut

133 645 226 671 cum
257 630 440 672 obicitur
469 645 540 672 reo
571 631 786 687 lenocinii,
819 634 1032 688 speciosae
1054 635 1222 689 marito,
1255 636 1364 689 quod
1387 637 1582 678 adulterii
1603 638 1716 679 dam-

132 700 280 738 natam
308 699 521 753 quondam
543 699 708 753 emerit,
739 703 813 741 aut
833 702 1048 755 parricidii
1070 716 1140 743 reo
1169 702 1395 757 luxurioso,
1426 705 1535 759 quod
1564 705 1718 747 dixerit

134 766 265 819 patri:
306 781 392 807 non
423 766 603 821 amplius
633 781 700 808 me
731 768 989 824 obiurgabis.
1049 784 1150 810 nain
1181 772 1223 811 et
1252 770 1323 811 ille
1353 785 1440 812 non
1471 773 1569 826 quia
1600 774 1715 828 emit,

134 833 230 874 leno
261 836 338 887 est,
372 834 444 874 sed
474 834 573 888 quia
601 834 698 875 leno
729 838 834 888 erat,
867 837 986 877 emit:
1019 851 1098 878 nec
1128 836 1197 878 hic
1228 838 1325 892 quia
1346 839 1406 880 316
1427 842 1518 880 erat
1537 840 1715 895 locutus,

133 900 300 955 occidit,
333 901 406 941 sed
435 901 534 955 quia
565 903 658 942 erat
686 902 918 957 occisurus,
957 904 1019 945 sic
1048 904 1211 945 locutus
1242 907 1318 946 est.
1355 917 1529 948 'casus
1561 910 1715 963 autem,
1730 910 1784 950 48

135 969 206 1022 qui
237 970 279 1009 et
308 968 397 1023 ipse
426 971 619 1022 praestat
649 971 912 1024 argumentis
943 971 1103 1026 locum,
1143 972 1232 1013 sine
1271 973 1396 1015 dubio
1436 977 1500 1016 est
1530 989 1579 1016 ex
1609 977 1717 1017 inse-

134 1036 379 1090 quentibus,
427 1036 499 1076 sed
537 1037 719 1090 quadam
756 1038 1014 1092 proprietate
1060 1039 1354 1095 distinguitur,
1401 1043 1448 1082 ut
1487 1042 1521 1082 si
1559 1043 1716 1086 dicam:

135 1103 306 1144 ‘melior
337 1103 420 1144 dux
452 1102 593 1158 Scipio
624 1119 750 1159 quam
780 1104 1016 1157 Hannibal,
1050 1108 1155 1148 uicit
1184 1099 1519 1150 Hannibalem':
1559 1111 1716 1153 <bonus

102 1184 116 1206 .··
133 1170 406 1224 gubernator,
429 1185 660 1225 numquam
676 1172 779 1213 fecit
796 1174 1067 1229 naufragium
1079 1180 1089 1196 ⁷
1107 1190 1115 1216 :
1137 1178 1147 1195 ⁶
1159 1175 1295 1216 bonus
1312 1176 1513 1231 agricola,
1538 1192 1716 1233 magnos

136 1238 306 1279 sustulit
335 1238 536 1280 fructus’.
599 1242 640 1280 et
671 1242 838 1281 contra:
873 1244 1164 1296 ‘sumptuosus
1194 1243 1287 1296 fuit,
1318 1244 1620 1297 patrimonium
1651 1262 1718 1287 ex—

135 1305 320 1346 hausit’:
362 1307 567 1360 ‘turpiter
605 1307 732 1361 uixit,
772 1308 965 1349 omnibus
1004 1309 1167 1351 inuisus
1199 1313 1298 1351 est’.
1359 1312 1588 1354 intuendae
1619 1317 1717 1356 sunt
1730 1317 1784 1357 49

134 1373 441 1427 praecipueque
472 1374 517 1415 in
548 1375 799 1425 coniecturis
832 1378 873 1417 et
902 1377 1215 1419 facultates:
1249 1379 1488 1421 credibilius
1519 1383 1583 1421 est
1604 1383 1717 1423 6111111

135 1440 294 1480 0661303
325 1455 349 1480 a
379 1441 569 1494 pluribus
600 1442 838 1497 pauciores,
881 1458 905 1484 a
934 1444 1187 1486 firmioribus
1219 1446 1514 1501 inbecilliores,
1556 1463 1580 1489 a
1610 1449 1717 1504 uigi-

138 1507 326 1548 lantibus
357 1508 617 1563 dormientis,
652 1525 675 1550 a
705 1512 969 1565 praeparatis
991 1512 1276 1567 inopinantis:
1306 1528 1482 1568 quorum
1504 1518 1718 1558 contraria

135 1575 179 1614 111
211 1575 422 1616 diuersum
452 1577 610 1618 ualent.
671 1577 775 1619 haec
813 1581 855 1619 et
884 1580 929 1620 in
969 1580 1239 1621 deliberando
1268 1581 1481 1623 intuemur
1511 1585 1553 1624 et
1582 1584 1627 1624 111
1658 1585 1786 1627 111-50

136 1641 256 1682 (liciis
287 1643 339 1683 ad
370 1643 472 1684 duas
502 1658 568 1685 res
600 1645 778 1686 solemus
809 1646 979 1700 referre,
1011 1662 1066 1688 an
1097 1648 1277 1689 uoluerit
1297 1650 1403 1703 quis,
1437 1665 1492 1691 an
1514 1653 1716 1705 potuerit:

136 1724 235 1750 nain
265 1713 306 1751 et
336 1711 598 1753 uoluntatem
636 1727 731 1766 spes
767 1713 884 1754 facit.
946 1714 1047 1755 hinc
1085 1715 1158 1755 illa
1196 1716 1305 1770 apud
1338 1716 1583 1759 Ciceronem
1622 1734 1716 1761 con-

135 1777 316 1818 iectura:
355 1778 601 1820 ‘insidiatus
641 1782 704 1821 est
743 1780 912 1822 Clodius
950 1781 1123 1836 Miloni,
1164 1797 1249 1824 non
1287 1783 1391 1825 Milo
1431 1784 1599 1828 Clodio:
1646 1787 1716 1828 ille

87 1859 100 1879 ·-
139 1859 232 1885 cum
263 1846 394 1886 seruis
425 1846 622 1900 robustis,
655 1847 724 1888 hic
756 1863 849 1889 cum
879 1849 1101 1890 mulierum
1134 1852 1349 1905 comitatu,
1382 1851 1453 1893 ille
1484 1854 1615 1908 equis,
1648 1854 1717 1895 hic

136 1912 181 1952 in
212 1912 351 1966 raeda,
384 1913 454 1954 ille
486 1914 718 1969 expeditus,
751 1914 821 1956 hic
850 1917 1034 1970 paenula
1064 1917 1299 1960 inretitus'.
1360 1919 1556 1961 facultati
1578 1924 1717 1963 autem
1730 1926 1779 1965 51

117 1978 235 2020 licet
264 1980 315 2020 in
326 1982 435 2020 stru
446 1996 487 2021 m
498 1984 620 2022 entu
629 1997 671 2022 111
703 1983 978 2038 coniungere:
1011 1988 1111 2025 sunt
1142 1986 1254 2026 enim
1284 1986 1329 2027 in
1358 1990 1478 2041 parte
1500 1988 1716 2031 facultatis

137 2049 179 2087 et
209 2047 366 2101 copiae.
427 2048 498 2089 sed
530 2063 579 2089 ex
610 2049 894 2092 instrumento
925 2052 1152 2106 aliquando
1174 2054 1302 2094 etiam
1325 2054 1449 2109 signa
1470 2060 1715 2112 nascuntur,

227 2163 281 2196 23.
308 2163 353 2194 cf.
379 2174 412 2204 p.
438 2163 512 2195 Mil.
540 2165 592 2204 10,
619 2165 673 2196 29.

229 2264 243 2293 1
272 2263 478 2295 adherentis
502 2262 544 2294 A¹
639 2269 694 2297 est
717 2265 762 2297 13:
790 2269 826 2298 et
848 2268 878 2305 b,
907 2271 944 2300 at
967 2268 996 2299 A
1092 2269 1299 2311 insequenti
1321 2268 1383 2302 AB
1498 2275 1518 2305 3
1542 2277 1665 2306 utetur
1689 2273 1717 2305 A

138 2308 171 2338 in
195 2319 264 2338 ras.
380 2310 401 2339 4
426 2309 470 2340 iis
495 2310 539 2340 B:
565 2311 595 2341 is
619 2309 658 2347 A,
683 2310 737 2342 his
763 2320 812 2346 ag
937 2315 957 2345 5
982 2320 1145 2346 uersatur·
1168 2313 1197 2345 A
1324 2317 1343 2347 6
1370 2320 1425 2348 est
1449 2328 1508 2349 om.
1533 2317 1562 2349 A
1655 2320 1717 2360 qui

140 2351 236 2383 aliud
261 2351 286 2382 B
380 2357 489 2384 antea
514 2354 556 2385 B:
584 2359 668 2386 ante
694 2357 750 2386 Ab
849 2358 868 2390 7
894 2359 1085 2399 speciosae
1111 2360 1240 2391 marito
1267 2361 1357 2401 quod
1384 2361 1540 2394 adulteri
1565 2364 1607 2395 B:
1635 2374 1716 2405 spe-

140 2395 328 2437 ciosamC')
355 2408 562 2426 *unum
587 2398 783 2430 adultum
801 2402 839 2439 A,
866 2403 960 2443 quod
985 2404 1189 2444 speciosam
1216 2404 1394 2437 adulterio
1420 2408 1466 2437 ab
1559 2410 1579 2439 8
1606 2418 1715 2449 quon-

140 2441 221 2472 dam
248 2441 396 2473 Burman
406 2453 417 2473 .·
443 2443 625 2483 quandam
649 2444 722 2484 AB,
746 2448 808 2477 sed
831 2447 860 2477 A
882 2448 916 2478 in
940 2459 1010 2479 ras.
1110 2450 1284 2490 parricidi
1308 2449 1350 2480 A¹
1444 2451 1627 2485 luxuriose
1652 2454 1714 2494 Bg,

138 2487 201 2517 sed
223 2496 313 2517 corr.
339 2488 413 2518 ead.
432 2498 471 2518 m.
565 2490 583 2520 9
609 2487 711 2530 quia]
741 2491 800 2531 qui
817 2491 872 2528 A¹‚
899 2493 974 2524 item
998 2504 1029 2526 u.
1049 2496 1087 2524 11
1183 2496 1221 2525 ll
1249 2494 1388 2526 loeutus
1413 2501 1462 2527 est
1487 2507 1585 2528 casus
1609 2504 1714 2529 autem

140 2531 224 2571 quia
250 2534 286 2562 et
310 2530 338 2562 A
455 2534 492 2563 11
520 2542 625 2564 casus
650 2535 715 2565 ab:
741 2535 771 2566 is
797 2535 822 2566 B
950 2539 990 2569 14
1016 2538 1165 2569 annibal
1190 2543 1331 2581 utroque
1355 2542 1427 2572 loeo
1452 2541 1491 2581 Β,
1515 2544 1579 2573 sed
1597 2546 1715 2583 priore

137 2586 227 2610 corr,
255 2575 340 2607 han.
472 2578 511 2608 16
538 2579 681 2609 exausit
705 2579 753 2609 Bn
778 2585 810 2611 ec
836 2583 907 2612 Im.
932 2582 985 2621 Bg
1116 2585 1156 2614 17
1181 2583 1240 2614 1161
1265 2584 1430 2616 omnibus
1454 2587 1539 2624 litu-i,
1566 2588 1624 2619 uel
1650 2590 1714 2619 del.

144 2620 242 2652 Valla
336 2623 375 2654 19
402 2632 423 2653 a
448 2622 536 2654 firm.
563 2623 810 2656 inbecilliores
827 2624 882 2656 Ab
907 2626 984 2667 (sed
999 2627 1027 2658 A
1051 2630 1173 2668 par-lim
1198 2630 1230 2659 in
1248 2639 1306 2659 ras
1322 2630 1354 2669 ):
1378 2640 1438 2661 om.
1458 2631 1483 2661 Β
1577 2634 1619 2664 20
1637 2633 1715 2664 (101·-

139 2667 292 2697 inientes
317 2666 374 2701 Βς
465 2669 720 2709 praeparantiS
744 2668 773 2699 A
866 2671 1096 2713 Inopinantes
1121 2673 1188 2711 Ab,
1214 2673 1421 2714 inopinatos
1439 2676 1464 2706 Β
1556 2679 1596 2708 21
1624 2677 1715 2710 haec

139 2709 187 2740 Bu
210 2721 237 2741 s.
263 2713 282 2743 Ι.
308 2712 371 2743 secl
395 2714 465 2745 Im.
559 2713 689 2744 iudicis
714 2713 754 2743 A¹
848 2716 889 2746 22
916 2726 961 2747 an
987 2717 1080 2754 (ante
1105 2717 1194 2758 pot.)
1221 2729 1280 2749 om.
1306 2719 1326 2749 b
1419 2722 1460 2751 23
1486 2720 1580 2752 1111116
1604 2722 1645 2753 A¹

141 2755 335 2787 cicerorem
360 2758 544 2788 coiectura
568 2758 593 2788 B
686 2760 728 2790 25
753 2761 925 2791 comitatu
950 2761 1011 2792 ille
1029 2761 1058 2791 A
1083 2763 1114 2792 in
1140 2773 1208 2794 ras.
1304 2764 1407 2803 equis
1423 2766 1502 2796 AB:
1529 2766 1566 2797 in
1585 2777 1676 2808 equo
1694 2777 1714 2802 ς

229 2801 270 2831 26
296 2801 331 2832 in
356 2802 429 2832 Ab:
457 2813 516 2833 mu.
543 2802 568 2832 B
661 2803 772 2834 raeda
797 2804 839 2835 B:
866 2805 952 2837 reda
975 2807 1016 2845 A,
1043 2806 1154 2838 rheda
1179 2815 1199 2841 ς
1307 2809 1461 2849 paenola
1485 2811 1505 2841 b
1600 2813 1712 2844 facul-

141 2844 197 2875 titi
222 2843 250 2874 A
340 2847 380 2878 27
408 2847 496 2878 licet
519 2848 594 2878 Ab:
621 2859 680 2881 0111.
706 2848 731 2878 B
833 2850 1109 2882 instrumentum
1135 2852 1183 2881 Bn
1208 2862 1300 2885 corr.
1325 2864 1370 2884 61-
1394 2854 1713 2889 instrumentorum

230 2889 265 2920 in
289 2901 349 2923 om.
375 2891 426 2931 Bg
452 2894 524 2924 lm.
619 2893 814 2925 facultates
841 2897 876 2925 ct
902 2896 1007 2937 copia
1034 2906 1077 2927 ex
1103 2894 1182 2937 (om.
1210 2896 1286 2938 scd)
1312 2897 1341 2928 A
1431 2901 1474 2932 28
1500 2911 1543 2933 ex
1567 2902 1616 2932 Bn
1640 2913 1668 2937 s,
1694 2906 1713 2935 l.

140 2934 202 2964 sed
228 2935 294 2965 lm.
385 2937 490 2977 sigua
514 2937 557 2967 13:
584 2938 637 2968 sic
661 2939 716 2968 Ab

1796 1991 1814 2000 x
