1939 3228
737 176 798 205 XI.
831 174 865 216 3,
889 171 1081 202 Otxfflioss.
1620 153 1702 194 299

118 297 243 338 parce
275 283 317 322 et
346 279 468 335 quasi
499 277 644 319 timide
685 276 966 330 loquentibus.
1036 275 1101 315 est
1138 270 1408 313 admirationi
1447 267 1703 310 conueniens

118 351 188 392 ille
220 350 377 403 gestus,
395 361 490 401 *quo
522 359 671 386 manus
702 343 863 384 modice
886 343 1085 397 supinata
1107 356 1155 381 ac
1178 355 1251 394 per
1273 337 1462 393 singulos
1484 351 1508 376 a
1530 335 1703 376 minimo

121 418 298 460 collecta
328 415 499 469 digitos,
540 412 742 454 redeunte
773 411 883 451 flexu
915 409 1039 451 simul
1071 408 1306 462 explicatur
1339 407 1464 459 atque
1497 402 1704 444 conuerti-

120 488 201 526 tur.
234 498 312 525 nec
334 497 417 524 uno
439 482 560 522 modo
592 480 908 534 interrogantes
930 479 1097 532 gestum
1121 474 1425 529 componimus,
1459 472 1704 526 plerumque
1727 471 1801 511 101

120 555 264 594 tamen
296 552 510 591 uertentes
541 563 733 601 manum,
774 549 999 599 utcumque
1039 542 1271 597 composita
1303 542 1378 581 est.
1440 537 1582 592 pollici
1614 551 1705 590 pro-

122 622 257 662 ximus
289 613 758 673 digitusmediumque,
792 629 874 668 qua
905 613 1051 653 dexter
1082 612 1158 663 est,
1192 623 1379 663 unguem
1410 605 1574 660 pollicis
1596 619 1706 645 sum-

122 703 189 729 mo
211 702 284 728 suo
316 687 497 739 iungens
529 683 712 724 remissis
746 681 895 723 ceteris
926 681 989 721 est
1021 681 1062 719 et
1094 675 1426 731 adprobantibus
1458 675 1500 714 et
1530 686 1706 713 narran-

123 756 235 796 tibus
268 756 310 795 et
340 751 700 806 distinguentibus
732 750 919 790 decorus.
989 747 1054 788 6111
1093 760 1179 786 11011
1219 740 1456 795 dissimilis,
1497 740 1568 781 sed
1601 740 1807 781 60111-102

124 822 282 877 plicitis
313 820 448 861 tribus
480 819 754 872 digitis,>quo
786 831 898 857 nune
921 814 1071 855 Graeci
1102 812 1328 867 plurimum
1359 810 1550 861 utuntur,
1583 806 1709 847 etiam

76 905 106 930 ιο
125 892 302 943 utraque
339 902 490 940 manu,
543 885 737 940 quotiens
776 883 1094 937 enthymemata
1132 895 1206 921 sua
1243 880 1366 933 gestu
1406 874 1711 917 corrotundant

124 956 242 998 uelut
287 955 454 996 caesim.
529 968 678 994 manus
723 951 857 993 lenior
896 948 1109 1005 promittit
1146 950 1188 989 et
1226 946 1494 997 adsentatur,
1543 941 1712 983 citatior

124 1024 332 1076 hortatur,
365 1021 536 1063 interim
570 1020 728 1061 laudat.
789 1021 854 1060 est
884 1021 926 1059 et
956 1017 1027 1058 ille
1058 1015 1279 1070 urguentis
1310 1012 1544 1054 orat-ionem
1566 1012 1712 1064 gestus

125 1090 314 1146 uulgaris
354 1090 490 1143 magis
528 1102 655 1142 quam
695 1102 743 1128 ex
783 1088 893 1140 arte,
935 1085 1007 1139 qui
1048 1082 1263 1125 contrahit
1302 1081 1464 1122 alterno
1504 1077 1711 1131 celerique

127 1161 242 1200 motu
280 1160 322 1199 et
360 1157 546 1211 explicat
583 1170 770 1196 manum.
840 1156 905 1195 est
943 1155 985 1193 et
1024 1152 1097 1192 illa
1138 1165 1242 1191 caua
1281 1150 1323 1189 et
1360 1162 1456 1187 rara
1501 1148 1543 1187 et
1587 1159 1713 1199 supra
1735 1146 1811 1186 103

82 1243 112 1268 15
131 1228 264 1269 umeri
304 1225 572 1267 altitudinem
612 1223 723 1264 elata
761 1237 854 1263 cum
886 1221 1066 1275 quodam
1097 1220 1215 1259 motu
1245 1216 1360 1257 uelut
1389 1213 1597 1255 hortatrix
1628 1227 1712 1252 ma-

128 1310 228 1337 nus:
269 1309 292 1335 a
323 1292 560 1348 peregrinis
591 1290 744 1332 scholis
775 1292 918 1330 tamen
949 1301 1079 1343 prope
1110 1286 1281 1339 recepta
1310 1281 1490 1324 tremula
1522 1280 1714 1321 scaenica

130 1365 206 1404 est.
268 1362 437 1416 digitos,
472 1375 567 1401 611111
597 1358 749 1400 3111111111
780 1357 984 1409 coierunt,
1019 1355 1070 1396 ad
1100 1369 1144 1395 os
1167 1353 1337 1404 referre,
1372 1364 1444 1391 6111·
1465 1347 1712 1403 quibusdam

130 1429 393 1485 displicuerit
422 1428 583 1469 nescio:
624 1441 724 1467 nam
754 1425 796 1466 id
828 1427 870 1465 et
900 1423 1051 1465 leuiter
1089 1421 1347 1463 admirantes
1377 1420 1419 1458 et
1450 1416 1620 1457 interim
1651 1429 1715 1455 su-

131 1498 221 1539 bita
250 1495 548 1551 indignatione
580 1493 696 1539 uelut
718 1493 995 1547 pauescentes
1017 1493 1059 1532 et
1080 1489 1357 1544 deprecantes
1378 1485 1570 1526 facimus.
1613 1483 1715 1537 quin
1736 1481 1815 1523 104

81 1581 113 1605 20
133 1578 417 1619 compressam
456 1563 584 1604 etiam
622 1575 795 1602 manum
825 1561 870 1600 in
901 1557 1167 1613 paenitentia
1198 1556 1263 1597 1161
1294 1556 1356 1595 ira
1387 1551 1546 1607 pectori
1578 1550 1717 1591 admo-

134 1647 298 1686 nemus,
338 1631 410 1672 ubi
447 1645 528 1672 uox
566 1630 634 1670 uel
673 1628 784 1669 inter
823 1627 970 1668 dentes
1010 1640 1206 1680 expressa
1237 1637 1323 1664 non
1355 1621 1547 1662 dedecet:
1594 1618 1716 1673 ‘quid

132 1715 248 1743 1111116
278 1698 437 1754 agam?
476 1697 575 1752 quid
611 1695 802 1738 facias‘?'
872 1708 1019 1735 auerso
1051 1692 1201 1747 pollice
1240 1690 1529 1731 demonstrare
1561 1685 1718 1740 aliquid

134 1770 350 1823 receptum
389 1765 526 1820 magis
564 1766 666 1819 puto
704 1778 830 1818 (1113111
871 1761 1028 1803 oratori
1066 1761 1276 1801 decorum.
1346 1756 1416 1798 sed
1458 1769 1550 1796 cum
1582 1753 1717 1795 omnis
1740 1752 1817 1794 105

134 1838 271 1877 motus
304 1849 374 1875 sex
405 1835 547 1888 partes
578 1832 746 1884 habeat,
780 1830 982 1885 septimus
1005 1829 1060 1870 sit
1079 1828 1164 1881 ille,
1197 1826 1269 1881 qui
1298 1827 1342 1866 in
1366 1839 1409 1865 se
1430 1823 1552 1876 redit,
1586 1821 1718 1862 orbis:

83 1916 116 1940 25
135 1903 288 1945 uitiosa
319 1904 382 1943 est
412 1916 496 1942 una
528 1900 838 1942 circumuersio.
906 1896 1055 1951 reliqui
1095 1897 1193 1936 ante
1224 1907 1301 1934 nos
1333 1894 1375 1933 et
1405 1891 1553 1932 dextra
1583 1890 1720 1930 laeua-

136 1985 214 2026 que
246 1972 289 2011 et
319 1984 483 2011 sursum
515 1971 556 2010 et
578 1968 770 2008 deorsum
793 1965 951 2021 aliquid
973 1964 1215 2016 ostendunt,
1248 1962 1293 2002 in
1323 1959 1555 2015 posteriora
1577 1958 1720 2012 gestus

136 2053 222 2080 non
254 2038 479 2092 derigitur:
517 2036 689 2077 interim
726 2038 871 2075 tamen
910 2033 1026 2074 uelut
1062 2031 1162 2072 reici
1203 2030 1320 2071 solet.
1389 2026 1547 2081 optime
1580 2026 1720 2065 autem
1744 2024 1820 2064 106

137 2121 285 2147 manus
318 2120 341 2146 a
372 2105 544 2146 sinistra
575 2104 695 2158 parte
726 2101 891 2156 incipit,
933 2101 977 2141 in
1009 2100 1156 2140 dextra
1187 2096 1431 2151 deponitur,
1472 2092 1543 2134 sed
1575 2094 1621 2132 ut
1650 2106 1721 2145 po*

137 2188 238 2215 nere
269 2188 327 2225 se,
366 2187 453 2213 non
491 2174 537 2212 ut
575 2171 700 2212 ferire
738 2170 949 2210 uideatur:
988 2166 1242 2221 qu‘amquam
1282 2166 1323 2205 et
1361 2163 1405 2204 in
1436 2162 1519 2202 fine
1550 2159 1722 2200 interim

234 2280 248 2309 1
276 2287 385 2318 parce
409 2277 458 2307 Bn
483 2280 516 2306 ut
542 2276 626 2308 00712'.
654 2274 795 2315 Regius:
821 2275 925 2314 parte
951 2272 1056 2311 BgM,
1083 2280 1172 2311 pace
1198 2271 1217 2300 b
1318 2264 1620 2298 admirationibus
1645 2264 1679 2293 M

142 2326 160 2355 2
189 2334 231 2354 ae
258 2322 421 2363 singulos
449 2332 469 2352 a
494 2320 660 2351 minimos
686 2320 706 2350 b
800 2320 818 2349 3
846 2316 1112 2358 explicanturb
1205 2315 1223 2344 6
1251 2312 1475 2352 mediumque
1504 2319 1575 2350 qua
1603 2307 1722 2348 (quain

141 2370 188 2408 M)
215 2368 300 2397 BM:
327 2366 555 2406 mediumque
582 2375 651 2406 qua
677 2362 848 2403 ungueris
873 2364 893 2393 b
988 2363 1005 2393 'i'
1034 2370 1096 2392 suo
1117 2359 1336 2399 contingens
1355 2356 1496 2387 malebat
1515 2354 1679 2394 Spalding]

143 2416 179 2445 et
204 2410 295 2454 (ante
321 2411 430 2452 narr.)
457 2421 516 2441 om.
543 2411 562 2440 b
679 2411 699 2441 8
725 2407 881 2439 (1133111113
907 2408 928 2437 b
1021 2404 1239 2446 complicitis
1268 2403 1401 2442 Zumpt:
1429 2399 1619 2441 eompletis
1643 2399 1722 2436 ΒΜ,

144 2457 326 2499 complitis
350 2458 383 2496 b,
411 2455 625 2496 compressis
651 2455 726 2486 edd.
753 2457 833 2484 nett.
926 2454 945 2483 9
973 2455 1008 2483 et
1032 2455 1186 2490 utraque
1212 2450 1247 2478 M
1354 2448 1393 2478 10
1418 2443 1638 2477 &rutundam
1663 2453 1723 2474 ue-

142 2502 196 2534 lut
221 2502 320 2533 caesi
345 2503 377 2539 b,
405 2499 623 2532 corrutunda
649 2498 751 2530 uelut
776 2498 912 2529 caesim
938 2497 1029 2536 (cesi
1047 2497 1094 2535 M)
1114 2495 1192 2532 BM,
1218 2492 1317 2524 uelut
1337 2489 1605 2523 corrotundant.
1634 2487 1723 2519 Cae-

143 2548 209 2580 31111
235 2556 255 2582 ς
351 2549 387 2577 li
416 2548 624 2577 assentatur
648 2546 693 2583 M,
720 2543 959 2575 adsentantur
983 2543 1008 2572 B
1119 2541 1157 2570 12
1184 2539 1348 2570 hortator
1373 2537 1394 2567 i.
1418 2535 1589 2567 laudatur
1613 2535 1633 2564 b

142 2592 332 2634 urguentis
356 2593 394 2624 b:
422 2591 586 2631 urgentis
611 2590 680 2620 BM
774 2590 814 2619 13
841 2587 953 2618 celeri
978 2588 998 2617 b
1093 2586 1133 2615 14
1160 2594 1240 2616 rara
1258 2584 1306 2613 Bn
1332 2592 1420 2613 corr.
1451 2583 1521 2612 1771.
1550 2590 1595 2610 eir:
1621 2588 1722 2617 rana,

144 2641 181 2669 et
206 2648 287 2669 rara
314 2648 373 2668 om.
401 2635 543 2667 Obrecht
639 2636 677 2666 15
703 2633 842 2664 humeri
868 2633 960 2672 BgM
1052 2630 1128 2662 lata
1146 2630 1179 2659 M
1274 2628 1313 2658 16
1339 2625 1495 2657 tremula
1521 2625 1558 2656 b:
1587 2622 1724 2654 remula

144 2684 211 2714 BM
329 2683 367 2713 17
395 2681 519 2721 digitis
548 2691 626 2711 cum
654 2690 681 2712 s.
708 2680 856 2710 coerunt
881 2678 901 2707 b
1018 2675 1062 2706 ad
1089 2686 1127 2706 03
1153 2675 1194 2705 B:
1223 2673 1266 2704 ad
1294 2682 1354 2703 eos
1378 2673 1417 2710 b,
1447 2670 1490 2701 ad
1516 2669 1580 2700 lios
1605 2669 1651 2707 M,
1680 2667 1723 2698 ad

145 2739 208 2759 1103
234 2727 399 2768 Spaldins)
424 2728 495 2757 coll.
524 2723 542 2761 ξ
569 2728 610 2755 96
634 2736 684 2766 sq.
779 2723 818 2753 18
846 2723 978 2753 leuiter
1003 2722 1053 2754 M:
1079 2720 1215 2751 leniter
1239 2719 1277 2756 Β,
1304 2717 1438 2748 lenites
1462 2716 1482 2745 b
1600 2715 1640 2744 19
1666 2713 1723 2743 uel

146 2774 196 2804 ire
224 2775 414 2814 poscentes
439 2772 473 2801 M
577 2772 619 2801 20
645 2778 887 2810 compressum
914 2768 965 2807 Bg
990 2777 1035 2797 em
1059 2776 1148 2796 corr.
1265 2765 1305 2794 22>
1333 2760 1470 2802 aliquid
1495 2760 1520 2789 B
1545 2763 1577 2790 et
1608 2759 1726 2789 Victor

147 2816 195 2858 (p.
216 2819 294 2857 442,
317 2818 396 2857 31):
423 2816 577 2857 aliquem
605 2815 667 2844 Mb
760 2815 801 2844 21
826 2812 962 2844 habeat
986 2813 1023 2842 b:
1050 2810 1162 2841 habet
1186 2809 1253 2840 BM
1368 2808 1409 2837 25
1436 2804 1590 2844 relinqui
1616 2804 1636 2833 b

148 2863 298 2894 dextera
323 2863 368 2900 M,
395 2863 469 2892 item
495 2873 525 2893 n.
553 2862 592 2891 25
688 2860 729 2889 ‘36
756 2859 858 2899 gesti]
886 2858 906 2887 b
982 2857 1023 2887 27
1050 2854 1227 2896 derigitur
1251 2854 1295 2883 B:
1323 2851 1491 2892 dirigitur
1516 2850 1577 2878 Mb
1671 2850 1725 2879 ta-

146 2918 227 2938 men
252 2910 292 2938 ut
316 2907 369 2938 rei
395 2906 513 2938 soleat
538 2907 558 2936 b
651 2904 692 2935 28
719 2904 914 2944 deponitur
939 2902 982 2932 B:
1010 2901 1156 2942 ponitur
1181 2900 1226 2940 M,
1255 2897 1404 2938 deponit
1429 2895 1573 2925 Bomzell
1664 2903 1726 2934 po-

147 2962 230 2983 nere
256 2962 294 2984 se
320 2963 398 2983 nos:
424 2962 558 2993 ponere
586 2951 621 2988 B,
651 2949 795 2990 ponitur
812 2949 856 2988 M,
885 2947 968 2989 poni
987 2946 1164 2987 Spaldinq,
1191 2943 1323 2986 deponi
1349 2943 1424 2974 cdd.
1450 2944 1529 2972 nell.
1622 2940 1664 2970 29
1692 2941 1728 2969 ct

148 2998 184 3030 in
211 2996 279 3029 fine
305 2998 341 3028 b:
370 3000 405 3029 et
430 2998 467 3028 in
493 2996 561 3028 line
589 2999 624 3027 ct
649 2995 715 3026 ΒΜ
