1939 3228
123 520 138 545 5

105 856 136 881 10

85 1195 135 1227 115

101 1538 134 1563 20

99 2220 132 2245 30

711 133 793 164 x11.
842 130 1046 177 ‘ge—12.
1093 131 1128 177 3,
1158 132 1190 164 1.
1666 124 1748 166 337

154 233 264 275 tueri
296 233 515 275 scientem.
577 249 677 276 nam
709 236 744 277 si
775 250 825 277 ex
857 237 955 291 illis,
988 252 1092 291 quas
1124 252 1251 292 supra
1272 238 1467 292 diximus,
1503 237 1642 279 causis
1671 237 1749 279 fal-

156 317 249 343 sum
278 301 482 357 tuebitur,
516 303 597 344 erit
626 305 773 346 tamen
804 304 1045 361 honestum,
1079 306 1190 361 quod
1220 307 1311 362 ipse
1341 306 1485 349 faciet.

269 370 471 412 Gratisn'e
503 371 540 412 61
572 386 739 426 semper
770 374 983 428 agendum
1014 375 1090 429 sit,
1131 375 1309 416 tractari
1339 377 1495 430 potest.
1558 375 1668 430 quod
1699 374 1787 417 ex8

154 439 293 492 prima
337 439 481 481 statim
528 439 672 481 fronte
714 440 944 484 diiudicare
991 443 1316 498 inprudentium
1364 446 1441 485 est.
1514 458 1617 485 nam
1655 445 1748 499 quis

156 507 343 562 ignorat,
377 507 480 562 quin
512 508 555 549 id
576 508 703 564 longe
726 510 782 551 sit
801 509 1148 552 honestissimum
1171 526 1219 553 ac
1239 511 1488 554 liberalibus
1510 512 1748 567 disciplinis

155 577 198 616 et
226 575 314 630 illo,
349 590 474 630 quem
495 576 718 632 exigimus,
753 578 895 620 animo
917 579 1230 635 dignissimum,
1263 594 1351 622 non
1372 580 1555 622 uendere
1577 595 1749 636 operam

153 657 234 685 1166
265 643 430 685 eleuare
461 645 573 686 tanti
607 645 798 688 beneficii
832 647 1153 702 auctoritatem,
1188 663 1282 690 cum
1312 648 1513 703 pleraque
1544 649 1625 691 hoc
1655 649 1748 704 ipso

153 711 320 766 possint
350 713 486 755 uideri
516 713 630 768 uilia,
662 714 772 769 quod
802 715 987 770 pretium
1017 716 1210 758 habent?
1260 718 1396 759 caecis
1417 717 1511 772 hoc,
1543 720 1591 759 ut
1612 716 1787 772 aiunt,9

155 780 258 822 satis
290 780 449 823 clarum
481 784 558 837 est,
591 797 670 824 1166
702 783 940 838 quisquam,
974 785 1044 839 qui
1076 785 1336 827 sufficientia
1357 786 1437 827 sibi
1470 787 1654 841 (modica
1676 801 1746 828 au-

155 850 242 890 tem
272 848 379 891 haec
409 851 527 907 sunt)
559 851 808 906 possidebit,
841 851 955 894 hunc
986 855 1208 907 quaestum
1239 854 1330 896 sine
1364 855 1540 897 crimine
1561 855 1746 897 sordiiun

154 917 319 960 fecerit.
381 920 426 959 at
457 919 491 960 si
522 933 588 960 res
618 919 843 961 familiaris
875 921 1058 976 amplius
1091 922 1249 976 aliquid
1280 922 1332 964 ad
1363 938 1462 965 usus
1483 925 1744 966 necessarios

155 985 309 1041 exiget,
342 987 573 1028 secundum
605 988 794 1029 omnium
825 989 1083 1043 sapientium
1115 990 1231 1046 leges
1252 992 1441 1046 patietur
1462 992 1542 1034 sibi
1564 993 1748 1048 gratiam

154 1054 317 1109 referri,
352 1069 446 1096 cum
470 1057 511 1096 et
533 1054 696 1097 Socrati
731 1056 931 1098 collatum
963 1058 1019 1099 sit
1051 1058 1103 1099 ad
1134 1060 1308 1114 uictum,
1343 1062 1384 1101 et
1406 1060 1564 1115 Zenon,
1597 1060 1748 1103 Clean-

154 1122 274 1177 thes,
319 1122 580 1178 Chrysippus
620 1124 835 1167 mercedes
878 1140 902 1166 a
942 1126 1161 1181 discipulis
1205 1129 1537 1183 acceptauerint.
1608 1144 1745 1184 neque
1764 1131 1815 1171 10

155 1191 267 1232 enim
297 1191 433 1242 uideo,
468 1206 575 1246 quae
606 1192 758 1234 iustior
788 1194 1039 1248 adquirendi
1070 1196 1180 1237 ratio
1211 1211 1338 1251 quam
1370 1212 1420 1239 ex
1449 1197 1749 1239 honestissimo

153 1259 298 1301 labore
330 1262 372 1301 et
403 1259 457 1301 ab
487 1260 559 1314 iis,
599 1260 649 1302 de
681 1261 832 1315 quibus
863 1262 1021 1317 optime
1060 1265 1316 1319 meruerint,
1357 1266 1531 1320 quique,
1573 1266 1608 1307 si
1639 1265 1748 1307 nihil

154 1327 340 1369 inuicem
371 1330 605 1382 praestent,
638 1329 808 1385 indigni
839 1330 1002 1372 fuerint
1032 1331 1293 1374 defensione.
1337 1334 1449 1388 quod
1470 1334 1637 1389 quidem
1660 1349 1747 1376 non

153 1395 311 1436 iustum
342 1396 479 1451 modo,
514 1397 587 1438 sed
617 1398 906 1440 necessarium
937 1399 1066 1441 ctiam
1098 1403 1187 1455 est,
1232 1417 1326 1443 611111
1357 1402 1464 1444 haec
1495 1403 1588 1457 ipsa
1620 1418 1747 1458 opera

152 1466 402 1519 tempusque
433 1479 558 1506 omne
589 1465 739 1507 alienis
770 1467 955 1522 negotiis
986 1468 1132 1510 datum
1163 1469 1411 1512 facultatem
1443 1471 1567 1512 aliter
1605 1472 1748 1526 adqui-

152 1532 273 1574 rendi
304 1533 511 1574 recidant.
574 1533 646 1575 sed
677 1536 767 1576 tum
799 1550 963 1591 quoque
993 1537 1203 1579 tenendus
1235 1541 1300 1580 est
1329 1539 1499 1594 modus,
1539 1554 1588 1580 ac
1617 1538 1747 1594 pluri·
1765 1542 1813 1581 11

151 1616 268 1643 mum
299 1601 450 1655 refert,
494 1604 535 1642 et
576 1617 599 1642 a
637 1617 719 1657 quo
752 1604 935 1658 accipiat
967 1606 1009 1646 et
1039 1608 1244 1660 quantum
1285 1609 1327 1648 et
1357 1622 1438 1662 quo
1469 1622 1614 1662 usque.
1674 1623 1746 1662 pa-

153 1669 339 1711 ciscendi
370 1669 540 1724 quidem
571 1670 641 1711 ille
663 1671 868 1725 piraticus
889 1687 980 1714 mos
1003 1675 1044 1714 et
1065 1674 1365 1728 inponentium
1385 1675 1586 1730 periculis
1608 1675 1746 1730 pretia

151 1738 299 1792 procul
331 1738 618 1779 abominanda
650 1740 888 1794 negotiatio
921 1741 1048 1782 etiam
1080 1756 1104 1782 a
1134 1742 1404 1785 mediocriter
1434 1744 1638 1799 improbis
1675 1744 1746 1785 ab·

153 1806 246 1860 erit,
281 1820 376 1847 cum
406 1806 659 1861 praesertim
692 1806 824 1849 bonos
855 1807 1048 1850 homines
1080 1810 1297 1866 bonasque
1330 1826 1479 1853 causas
1500 1812 1639 1854 tuenti
1659 1827 1746 1853 non

152 1873 209 1915 sit
238 1873 490 1915 metuendus
522 1874 740 1928 ingratus:
773 1876 844 1930 qui
876 1877 912 1917 si
942 1882 993 1919 sit
1024 1877 1207 1933 futurus,
1240 1880 1352 1921 malo
1383 1883 1527 1921 tamen
1558 1880 1630 1921 ille
1652 1895 1746 1935 pec-

152 1944 231 1983 cet.
293 1941 401 1983 nihil
435 1957 536 1998 ergo
569 1943 790 1998 adquirere
821 1944 937 1986 uolet
967 1948 1110 1987 orator
1140 1947 1253 1988 ultra
1285 1963 1412 2003 quam
1443 1949 1546 1990 satis
1569 1949 1663 2003 erit,
1699 1963 1746 1990 ac
1764 1949 1815 1990 12>

150 2025 204 2051 ne
234 2025 398 2066 pauper
428 2011 595 2065 quidem
626 2013 844 2066 tamquam
875 2014 1112 2056 mercedem
1134 2016 1329 2071 accipiet,
1361 2017 1433 2058 sed
1462 2019 1608 2058 mutua
1629 2017 1747 2058 beni-

150 2078 340 2120 uolentia
370 2080 527 2134 utetur,
562 2095 657 2121 cum
689 2080 794 2121 sciet
826 2095 868 2122 se
899 2084 1022 2124 tanto
1052 2083 1146 2138 plus
1178 2085 1454 2139 praestitisse.
1497 2100 1585 2127 non
1616 2086 1743 2140 enim,
1765 2119 1783 2128 „

150 2146 249 2200 quia
280 2146 426 2188 uenire
458 2147 536 2188 hoc
568 2147 821 2190 beneficium
851 2155 939 2191 non
970 2154 1150 2206 oportet,
1183 2161 1336 2204 oporlet
1364 2153 1517 2208 perire.
1564 2154 1745 2208 denique

150 2215 198 2254 ut
229 2216 377 2269 gratus
409 2215 479 2268 sit,
513 2215 564 2256 ad
597 2230 693 2256 eum
724 2218 862 2272 magis
892 2218 1092 2273 pertinet,
1127 2220 1197 2274 qui
1229 2220 1367 2262 debet.

262 2281 384 2323 VIII.
445 2282 644 2324 Proxima
675 2284 899 2327 discendae
932 2301 1083 2328 causae
1113 2288 1243 2342 ratio,
1284 2289 1394 2343 quod
1435 2292 1498 2330 est
1538 2290 1744 2332 orationis

149 2349 491 2391 fundamentum.
561 2366 696 2406 neque
736 2353 848 2394 enim
887 2354 1107 2409 quisquam
1145 2356 1320 2410 ingenio
1357 2359 1446 2397 tam
1476 2357 1594 2398 tenui
1626 2372 1749 2412 repe--

241 2431 260 2461 2
285 2429 350 2461 ille
375 2431 411 2461 M
504 2434 524 2464 3
550 2433 666 2474 gratis
692 2434 713 2464 b
784 2435 803 2466 5
830 2434 878 2466 sit
901 2446 962 2467 om.
988 2437 1008 2467 b
1087 2437 1106 2468 6
1131 2436 1195 2468 illo
1223 2448 1327 2479 quem
1352 2438 1393 2469 B:
1420 2439 1457 2470 in
1484 2438 1689 2479 eloquendo
1707 2440 1743 2469 Μ

241 2476 419 2517 exigimus
446 2478 482 2508 b:
511 2478 697 2519 exegimus
723 2479 794 2509 ΒΜ
893 2482 911 2512 7
937 2491 1005 2512 1160
1031 2481 1219 2514 celebrare
1244 2484 1264 2513 b
1357 2483 1514 2516 benefici
1538 2484 1564 2514 B
1658 2485 1677 2515 S
1703 2488 1743 2516 ut

150 2519 302 2552 audiunt
326 2522 346 2552 b
466 2524 506 2554 10
531 2523 714 2555 sordidum
739 2525 773 2554 M
912 2527 951 2556 11
979 2536 1063 2558 usos
1088 2528 1108 2558 b
1249 2530 1288 2559 12
1315 2530 1473 2560 omnium
1497 2530 1535 2560 b:
1564 2530 1678 2561 omnis
1703 2530 1742 2570 B,

149 2575 274 2597 omnes
298 2567 332 2596 M
425 2568 564 2609 patitur
587 2569 608 2599 b
705 2571 744 2601 13
772 2580 887 2601 6611011
911 2572 943 2612 b,
972 2582 1091 2613 genon
1115 2573 1162 2614 M,
1194 2573 1291 2605 Zeno
1318 2582 1339 2608 ς
1434 2576 1473 2606 15
1499 2574 1703 2607 honessimo
1721 2576 1742 2606 b

241 2612 281 2642 16
307 2611 350 2643 de
377 2613 507 2654 quibus
533 2631 576 2635 —
602 2614 739 2645 fuerint
764 2625 825 2648 om.
852 2617 888 2645 M
979 2622 1191 2649 meruerunt
1215 2619 1283 2659 Bg,
1311 2629 1370 2653 om.
1397 2621 1417 2650 b
1536 2620 1576 2651 18
1601 2620 1696 2652 iusto
1722 2621 1741 2650 b

242 2658 282 2689 19
308 2658 496 2699 requirunt
520 2660 540 2689 b
634 2660 677 2691 20
702 2662 775 2691 tum
801 2660 846 2692 B:
873 2664 957 2693 tune
983 2663 1014 2699 b,
1042 2670 1165 2694 tamen
1183 2665 1218 2694 Μ
1312 2665 1470 2697 tuendus
1488 2666 1523 2694 Μ
1617 2667 1657 2696 21
1685 2676 1741 2696 re-

149 2701 246 2734 ferta
270 2703 291 2733 b
384 2704 562 2745 pascendi
588 2704 674 2745 quid
699 2705 762 2736 ille
788 2706 964 2746 piraticus
990 2718 1070 2740 mox
1097 2711 1133 2739 ct
1157 2710 1369 2750 ponentium
1394 2711 1414 2741 b
1536 2711 1578 2742 23
1606 2721 1627 2741 a
1652 2711 1740 2741 BM:

147 2757 208 2779 om.
234 2748 255 2778 b
349 2750 391 2780 25
418 2750 479 2790 qui
506 2749 537 2781 si
562 2750 611 2781 sit
634 2760 715 2782 nos:
741 2751 834 2792 quisi
859 2751 939 2791 ΒΜ,
967 2753 1052 2794 quid
1078 2754 1108 2785 si
1132 2755 1164 2794 b,
1192 2754 1320 2795 quodsi
1345 2763 1366 2789 ς
1464 2756 1507 2787 ‘28
1532 2758 1695 2788 uteretur
1719 2757 1739 2787 b

239 2794 334 2825 sciet
359 2795 445 2826 BM:
472 2795 582 2827 sciret
608 2796 639 2834 b⁷
665 2796 758 2827 sciat
783 2804 804 2830 ς
881 2807 920 2828 36
946 2808 1007 2832 om.
1033 2799 1053 2829 b
1136 2800 1231 2830 enini
1256 2801 1293 2831 b:
1320 2811 1381 2832 om.
1407 2801 1476 2832 ΒΜ
1568 2802 1610 2833 29
1636 2812 1739 2843 opor-

147 2840 202 2869 tet
226 2838 279 2870 laic
304 2840 437 2872 addidit
462 2840 663 2882 Bullmann,
698 2844 862 2883 oportet,
896 2845 1016 2883 perire
1050 2847 1194 2885 oportet
1219 2853 1256 2881 ς,
1289 2848 1449 2887 oportet,
1482 2846 1602 2887 perire
1630 2846 1740 2878 debet

149 2882 294 2916 Obrecht
391 2887 434 2917 30
460 2886 601 2928 magnis
626 2887 646 2916 b
741 2886 860 2919 debet.
904 2888 1032 2928 QVAE
1058 2889 1108 2921 IN
1133 2889 1381 2922 DOCENDIS
1406 2891 1445 2931 B,
1472 2891 1591 2923 debet.
1635 2893 1738 2933 Quae

148 2928 184 2959 in
211 2928 386 2962 docendis
414 2932 534 2963 causis
562 2931 698 2963 oratori
725 2932 956 2964 obseruanda
981 2934 1056 2965 sint
1080 2935 1116 2964 M
1215 2937 1258 2967 32
1284 2936 1431 2978 ingenio
1457 2939 1530 2968 tam
1557 2947 1636 2969 nos:
1662 2940 1738 2969 tam

146 2983 207 3005 om.
233 2974 313 3015 ΒΜ,
340 2979 415 3007 tam
442 2977 590 3018 ingenio
615 2978 665 3011 bg
758 2978 979 3019 reperiretur
1003 2980 1065 3010 Mb

216 3030 391 3071 QUINTIL.
413 3033 469 3065 ed.
488 3034 613 3065 lum.
648 3033 727 3068 Vol.
746 3034 795 3066 II.
1424 3042 1465 3070 22
