1939 3228
762 129 842 157 ΧΠ.
902 126 933 169 1,
960 124 1086 155 1—9.
1637 112 1717 152 :317

135 235 206 276 sed
238 233 366 288 uulgo
397 245 561 286 quoque
593 245 758 284 semper
795 232 859 270 est
891 229 1116 281 creditum,
1159 228 1271 268 certe
1302 240 1388 267 11011
1420 225 1494 266 fiet
1523 239 1722 278 umquam

135 302 288 344 stultus
319 303 474 341 orator.
538 298 643 339 adde
674 297 785 352 quod
815 311 868 338 ne
900 296 1039 337 studio
1071 295 1241 350 quidem
1278 293 1417 348 operis
1448 292 1721 347 pulcherrimi

135 383 287 411 uacare
317 370 438 409 mens
469 366 553 408 nisi
583 365 778 407 omnibus
808 365 926 405 uitiis
957 363 1091 404 libera
1121 364 1283 416 potest:
1323 361 1505 415 primum
1537 361 1647 415 quod
1676 361 1722 401 in

137 437 281 479 eodem
320 438 490 491 pectore
529 433 693 475 nullum
733 434 797 473 est
833 431 1105 472 honestorum
1144 430 1415 484 turpiumque
1449 429 1720 482 consortium,

137 509 179 546 et
212 506 399 560 cogit-are
430 502 590 557 optima
621 500 746 542 simul
778 514 824 541 ac
846 499 1072 540 deterrima
1094 512 1180 538 non
1203 497 1339 551 magis
1362 499 1424 537 est
1446 496 1569 537 unius
1593 496 1723 537 animi

90 857 120 881 10

94 1196 122 1221 15

94 1536 125 1559 20

141 588 266 628 quam
299 571 485 612 eiusdem
516 568 699 610 hominis
731 568 887 609 bonum
919 581 1009 608 esse
1041 581 1089 607 ac
1119 565 1298 606 malum:
1335 567 1425 605 tum
1457 564 1530 605 illa
1560 565 1763 619 quoque5

138 656 189 682 ex
231 654 378 692 causa,
426 638 536 692 quod
573 638 761 678 mentem
798 637 945 676 tantae
983 635 1044 675 rei
1084 634 1295 674 intentam
1338 647 1490 673 uacare
1531 632 1725 673 omnibus

141 708 259 761 aliis,
302 706 430 747 etiam
473 705 595 759 culpa
636 703 879 745 carentibus
919 702 1029 742 curis
1067 702 1247 755 oportet.
1316 700 1377 740 ita
1415 699 1581 740 demum
1613 701 1726 741 enim

139 776 272 816 libera
317 788 365 815 ac
410 776 522 825 tota,
568 771 685 813 nulla
729 770 1014 825 distringente
1060 771 1185 822 atque
1231 768 1312 807 alio
1358 767 1539 808 ducente
1585 783 1724 821 causa,

140 842 351 898 spectabit
381 842 424 882 id
455 840 607 892 solum,
648 839 700 880 ad
732 838 841 893 quod
873 837 1126 892 accingitur.
1187 835 1335 890 quodsi
1366 849 1565 890 agrorum
1596 836 1766 877 nimia&

141 925 241 952 cura
273 912 315 951 et
347 908 567 950 sollicitior
604 908 665 948 rei
701 905 926 947 familiaris
965 904 1188 959 diligentia
1227 905 1269 944 et
1306 903 1494 944 uenandi
1531 903 1727 958 uoluptas

140 982 182 1020 et
212 978 302 1019 dati
333 975 586 1032 spectaculis
618 975 705 1016 dies
736 973 917 1015 multum
948 972 1097 1013 studiis
1129 971 1328 1012 auferunt
1368 970 1485 1025 (huic
1524 971 1636 1012 enim
1667 972 1728 1012 rei

141 1047 252 1102 perit
281 1048 462 1100 tempus,
495 1043 788 1098 quodcumque
820 1041 941 1082 alteri
974 1040 1141 1093 datur),
1181 1026 1281 1093 quid
1312 1041 1509 1093 putamus
1539 1039 1729 1080 facturas

142 1114 432 1169 cupiditatem,
466 1111 714 1163 auaritiam,
747 1109 975 1162 inuidiam,
1009 1122 1186 1163 quarum
1217 1107 1584 1160 impotentissimae
1619 1108 1728 1162 cogi-

140 1183 325 1223 tationes
356 1194 525 1222 somnos
558 1180 685 1220 etiam
715 1178 829 1232 ipsos
861 1179 903 1218 et
933 1176 1006 1217 illa
1033 1191 1109 1231 per
1130 1175 1315 1230 quietem
1335 1175 1426 1215 uisa
1448 1174 1730 1229 perturbent?

142 1250 250 1291 nihil
282 1252 346 1291 est
378 1248 491 1290 enim
512 1250 600 1288 tam
623 1248 888 1300 occupatum,
922 1248 1009 1285 tam
1033 1243 1304 1296 multiforme,
1337 1245 1402 1299 tot
1423 1257 1471 1283 ac
1492 1245 1579 1283 tam
1602 1243 1730 1283 uariis
1747 1244 1767 1284 ’ἶ

144 1318 382 1359 adfectibus
415 1317 629 1358 concisum
661 1317 786 1368 atque
817 1313 1051 1354 laceratum
1083 1326 1207 1366 quam
1238 1311 1350 1351 mala
1382 1324 1515 1351 mens.
1568 1326 1666 1351 nam
1690 1313 1732 1352 et

146 1402 239 1429 cum
270 1386 516 1437 insidiatur,
559 1398 654 1437 spe,
697 1383 827 1435 curis,
867 1381 1011 1421 labore
1043 1379 1336 1433 distringit-ur,
1377 1381 1430 1431 et,
1470 1378 1597 1419 etiam
1639 1393 1731 1419 cum

145 1454 313 1496 sceleris
337 1467 505 1507 compos
526 1451 622 1504 fuit,
657 1449 954 1502 sollicitudine,
986 1446 1266 1502 paenitentia,
1291 1460 1523 1500 poenarum
1544 1447 1731 1487 omnium

145 1521 462 1577 exspectatione
493 1521 726 1573 torquetur.
798 1518 890 1572 quis
921 1517 1033 1557 inter
1064 1515 1169 1556 haec
1200 1514 1354 1555 litteris
1387 1517 1460 1555 aut
1490 1515 1565 1555 ulli
1598 1515 1731 1555 bonae

146 1591 227 1632 arti
258 1589 405 1631 locus‘?
464 1602 551 1628 11011
581 1586 751 1627 hercule
782 1585 919 1640 magis
951 1599 1077 1638 quam
1107 1582 1302 1637 frugibus
1332 1582 1377 1623 111
1406 1584 1519 1623 terra
1541 1582 1732 1624 sentibus

146 1674 195 1700 ac
225 1658 340 1699 rubis
372 1658 591 1710 occupata.
654 1668 755 1709 age,
796 1668 883 1694 11011
915 1652 968 1693 ad
999 1651 1272 1706 perferendos
1304 1651 1538 1691 studiorum
1568 1651 1772 1692 labores8

95 1736 98 1737 ’
146 1725 386 1768 necessaria
423 1722 683 1778 frugalitas?
742 1722 841 1776 quid
881 1735 981 1775 ergo
1021 1734 1070 1760 ex
1107 1718 1284 1759 libidine
1324 1733 1372 1759 ac
1410 1718 1575 1760 luxuria
1613 1719 1734 1773 spei‘?

146 1809 233 1835 non
280 1793 506 1847 praecipue
551 1791 663 1832 acuit
709 1790 760 1830 ad
806 1789 1082 1843 cupiditatem
1127 1786 1364 1827 litterarum
1411 1801 1527 1827 amor
1566 1786 1735 1827 laudis‘?

113 1875 250 1903 :num
288 1861 421 1916 igitur
458 1859 581 1900 malis
620 1873 708 1899 esse
747 1857 914 1898 laudem
956 1870 1079 1897 curae
1118 1854 1346 1909 putamus?
1404 1854 1488 1894 iam
1526 1854 1605 1895 hoc
1643 1855 1735 1909 quis

147 1944 233 1971 non
266 1929 395 1982 uidet,
430 1928 658 1968 maximam
688 1928 853 1980 partem
886 1923 1091 1965 orationis
1122 1923 1168 1964 in
1198 1924 1386 1964 tractatu
1408 1922 1531 1976 aequi
1551 1922 1735 1977 bonique

151 1996 411 2040 consistere?
452 1996 619 2036 dicetne
651 1994 701 2034 de
733 1993 797 2034 his
829 1992 1058 2034 secundum
1091 1991 1278 2032 debitam
1309 2005 1449 2031 rerum
1480 1990 1737 2045 dignitatem

149 2065 285 2106 malus
318 2067 443 2118 atque
474 2062 676 2117 iniquus?
725 2062 919 2115 denique,
952 2062 999 2100 ut
1029 2060 1257 2100 maximam
1289 2061 1453 2112 partem
1475 2058 1775 2112 quaestionisf)

151 2134 345 2186 eximam,
379 2132 544 2184 demus,
577 2131 619 2171 id
650 2129 759 2184 quod
789 2129 906 2170 nullo
938 2128 1060 2169 modo
1091 2128 1182 2168 fieri
1214 2129 1373 2180 potest,
1414 2126 1525 2166 idem
1555 2114 1764 2180 ingeniis

97 2214 112 2237 2}
151 2202 292 2254 studii,
326 2200 545 2241 doctrinae
576 2198 757 2252 pessimo
789 2199 915 2251 atque
946 2196 1105 2249 optimo
1135 2195 1239 2248 uiro,
1273 2197 1366 2235 uter
1396 2193 1544 2234 melior
1575 2194 1738 2234 dicetur

151 2268 323 2310 orator‘?
363 2267 564 2308 nimirum
595 2266 666 2319 qui
695 2265 820 2306 homo
851 2278 1015 2318 quoque
1046 2262 1205 2303 melior.
1258 2276 1345 2303 non
1375 2261 1508 2316 igitur
1538 2276 1737 2316 umquam

242 2376 260 2404 2
287 2372 378 2404 adde
405 2383 465 2404 om.
492 2371 513 2400 b
628 2369 746 2400 studia
773 2367 938 2410 equidem
965 2367 1085 2408 oper1s
1110 2365 1352 2407 pulcherrime
1378 2366 1397 2396 b
1536 2367 1555 2396 3
1589 2365 1681 2406 quod
1708 2367 1739 2397 si

123 2410 126 2413 .
153 2422 187 2451 in
213 2420 233 2450 b
325 2419 345 2448 4
370 2417 527 2458 turpium
545 2414 777 2447 honestorum
795 2415 831 2443 M
925 2414 942 2444 'c'
968 2415 1020 2444 rei
1036 2413 1114 2442 Mb:
1143 2421 1179 2442 re
1198 2412 1223 2441 B
1316 2410 1610 2441 omuibus‘etiam
1631 2411 1738 2452 culpa

155 2465 238 2496 aliis
265 2463 477 2494 carentibus
505 2460 589 2491 aliis
616 2460 728 2491 etiam
754 2459 849 2491 curis
874 2459 894 2488 b
1011 2459 1029 2488 9
1056 2457 1304 2497 distinguente
1330 2457 1365 2485 M
1466 2455 1623 2486 ducente
1651 2466 1738 2487 cura

154 2511 238 2541 roni.
270 2509 416 2540 liollz'nzzs
509 2506 550 2536 10
577 2515 763 2546 corporum
790 2504 913 2545 Regius
938 2503 1112 2534 mlmoclmn
1134 2501 1369 2542 probabiliter,
1396 2500 1440 2539 s-f.
1460 2502 1513 2536 12,
1535 2502 1586 2535 Il,
1607 2502 1647 2531 18

157 2557 194 2586 11
224 2565 286 2585 cur
312 2558 347 2585 et
374 2551 562 2584 solliciora
588 2552 607 2580 b
685 2549 847 2581 sollicior
864 2549 957 2588 BgM
1049 2547 1240 2588 diligentia
1266 2545 1426 2577 uenandi
1450 2546 1495 2584 M,
1523 2545 1738 2586 diligentiae

154 2599 280 2631 tuendi
305 2599 326 2629 b
421 2599 459 2628 12
486 2607 522 2627 re
548 2595 639 2636 perit
663 2596 683 2626 b
779 2596 818 2626 13
846 2594 1147 2635 quandocumque
1173 2592 1208 2621 Μ
1318 2592 1357 2621 14
1385 2591 1620 2631 cogitationis
1647 2601 1739 2622 soni-

154 2656 220 2676 nus
246 2646 267 2675 b
362 2645 402 2675 15
426 2643 525 2684 ipsos
551 2642 635 2672 BM:
662 2651 723 2670 om.
749 2641 807 2670 FT
902 2639 1115 2680 perturbant
1140 2638 1160 2667 b
1270 2638 1308 2666 17
1336 2636 1537 2667 laceratum
1564 2635 1651 2666 BM:
1679 2647 1739 2667 ce-

156 2691 311 2721 leratum
336 2690 356 2719 b
453 2688 493 2718 18
519 2697 583 2727 spe
612 2686 721 2717 curiis
740 2686 771 2723 b,
800 2684 962 2725 precuris
980 2684 1014 2713 M
1108 2682 1233 2714 labore
1261 2692 1321 2712 om.
1341 2681 1362 2710 b
1443 2680 1689 2720 distingwitnr
1706 2681 1740 2711 M

247 2738 284 2767 et
309 2734 418 2766 etiam
443 2733 486 2764 B:
515 2734 623 2762 etiam
651 2731 696 2769 M,
724 2734 759 2761 et
784 2731 919 2769 Regius,
947 2732 983 2760 et
1008 2729 1077 2759 iam
1105 2736 1125 2761 ς
1238 2728 1274 2758 1⁴.)
1301 2736 1446 2766 compos
1472 2726 1543 2756 fuit
1566 2727 1607 2756 B:
1645 2737 1741 2757 coni—

157 2791 220 2822 pos
249 2780 359 2811 fuerit
382 2780 428 2817 M,
456 2776 658 2818 composuit
683 2777 703 2806 b
797 2784 970 2816 penarum
996 2773 1089 2803 omni
1115 2773 1166 2809 M,
1195 2781 1367 2812 penarum
1395 2770 1639 2802 sollicitudine
1665 2781 1739 2802 om-

157 2827 254 2856 nium
281 2827 302 2855 b
396 2826 439 2855 ‘23
465 2833 549 2862 ergo
575 2823 617 2852 B:
645 2832 706 2851 om.
734 2821 779 2858 M,
806 2820 919 2859 igitur
944 2828 964 2853 ς
1043 2816 1097 2858 ex]
1127 2820 1162 2846 et
1187 2818 1206 2847 b
1294 2815 1349 2855 ac]
1378 2819 1441 2846 aut
1465 2817 1500 2846 Μ
1592 2817 1635 2847 24
1659 2817 1740 2848 noffi

158 2873 377 2912 praecipuae
405 2869 487 2900 acui
513 2869 532 2898 b
633 2868 674 2897 -25
703 2865 821 2896 laudis
847 2875 926 2895 esse
952 2865 984 2902 b,
1012 2863 1153 2893 laudem
1183 2862 1256 2903 (mn.
1287 2864 1382 2897 esso)
1408 2862 1442 2890 M
1559 2862 1599 2891 25³
1625 2861 1740 2893 malos

159 2921 267 2956 atque
294 2916 435 2956 iniquos
461 2915 481 2944 b
597 2913 638 2942 29
665 2912 748 2951 pots:-
774 2911 808 2940 id
836 2912 928 2941 cuim
954 2910 974 2939 b
1091 2908 1184 2938 idem
1213 2917 1291 2937 csse
1318 2907 1460 2937 malma!
1486 2908 1652 2949 Spalding

160 2961 280 3001 ingeni
306 2960 331 2990 B
425 2961 465 2991 31
493 2958 577 2999 quid
603 2958 634 2995 b,
663 2955 755 2997 quod
781 2956 815 2984 M
