1955 3228
676 110 706 138 1.
766 107 808 151 2,
843 106 996 138 19—-31,
1035 106 1072 151 3,
1105 106 1216 136 2—3.
1602 131 1606 134 ⁴
1685 97 1735 136 19

152 211 398 252 firmitatem
429 211 697 265 discentium,
731 210 803 251 sed
823 212 1061 264 temperare
1082 211 1195 251 uires
1217 225 1314 251 suas
1337 211 1378 251 et
1400 209 1450 250 ad
1471 209 1737 250 intellectum

154 279 365 320 audientis
397 278 666 320 descendere.
725 293 825 319 nam
855 280 902 318 ut
930 278 1104 319 uascula
1144 278 1227 319 oris
1268 278 1441 332 angusti
1471 277 1738 332 superfusam
1750 278 1804 320 28

153 347 309 388 umoris
343 347 508 401 copiam
547 348 773 401 respuunt,
814 345 972 386 sensim
1010 348 1151 386 autem
1188 345 1465 387 influentibus
1502 345 1570 386 uel
1609 345 1738 385 etiam

152 414 373 455 instillatis
406 415 680 468 conplentur,
712 414 773 455 sic
804 414 934 454 animi
956 427 1182 467 puerorum
1204 415 1411 466 quantum
1433 413 1625 467 excipere
1647 427 1737 466 pos-

119 491 134 515 5
154 483 242 523 sint
270 482 501 523 uidendum
532 484 615 524 est:
665 497 766 523 nam
796 481 955 521 maiora
985 480 1206 521 intellectu
1244 480 1360 521 uelut
1390 495 1539 534 parum
1571 482 1739 534 apertos

156 549 206 590 ad
238 549 560 604 percipiendum
593 550 755 590 animos
787 563 875 589 non
896 548 1112 589 subibunt.
1155 547 1258 588 utile
1278 548 1412 601 igitur
1433 547 1603 600 habere,
1638 562 1739 601 quos
1754 553 1808 593 29

154 617 312 657 imitari
342 617 540 671 primum,
581 632 679 658 mox
708 617 879 657 uincere
910 615 1036 657 uelis:
1075 616 1136 656 ita
1168 615 1375 670 paulatim
1407 617 1449 655 et
1479 615 1741 668 superiorum

155 699 250 738 spes
297 685 390 726 erit.
451 684 518 726 his
559 685 694 726 adicio
740 685 1038 738 praeceptores
1075 683 1189 737 ipsos
1227 697 1313 723 non
1351 681 1461 722 idem
1499 682 1654 722 mentis
1694 696 1743 722 ac

155 752 328 805 spiritus
358 752 404 793 in
436 752 613 793 dicendo
643 766 766 806 posse
788 751 1009 804 concipere
1031 750 1212 805 singulis
1241 751 1410 790 tantum
1430 749 1741 803 praesentibus,

106 830 136 854 10
155 820 265 874 quod
296 819 369 860 illa
402 820 647 861 celebritate
679 819 940 860 audientium
979 818 1230 859 instinctos:
1271 817 1456 857 maxima
1495 817 1608 857 enim
1646 832 1744 870 pars
1758 819 1813 860 30

156 887 422 941 eloquentiae
454 890 623 928 constat
654 887 809 928 animo.
849 886 964 927 hunc
987 885 1124 939 adfici,
1157 884 1271 926 hunc
1295 885 1514 939 concipere
1536 884 1745 939 imagines

155 969 294 995 rerum
327 956 369 995 et
388 955 687 996 transformari
709 953 1015 1008 quodammodo
1038 953 1090 993 ad
1110 955 1310 993 naturam
1333 967 1489 1005 eorum,
1523 952 1573 992 de
1594 952 1745 1006 quibus

154 1022 354 1077 loquitur,
387 1036 560 1063 necesse
592 1025 668 1063 est.
710 1022 746 1063 is
767 1036 894 1076 porro
925 1035 1007 1075 quo
1038 1020 1283 1075 generosior
1306 1020 1535 1074 celsiorque
1558 1023 1633 1073 est,
1667 1020 1746 1061 hoc

156 1090 385 1131 maioribus
416 1090 535 1131 uelut
565 1090 739 1145 organis
771 1090 1072 1142 commonetur,
1105 1087 1282 1142 ideoque
1314 1090 1356 1129 et
1386 1088 1509 1128 laude
1532 1088 1684 1129 crescit
1706 1090 1747 1128 et

105 1167 137 1191 15
155 1159 318 1212 impetu
349 1160 530 1212 augetur
560 1165 601 1199 et
632 1157 791 1211 aliquid
821 1171 1027 1211 magnum
1058 1170 1184 1211 agere
1215 1155 1385 1210 gaudet.
1445 1160 1509 1196 est
1539 1155 1745 1209 quaedam
1759 1153 1810 1193 31

155 1225 288 1266 tacita
319 1225 587 1280 dedignatio,
628 1226 715 1266 uim
755 1225 923 1266 dicendi
961 1225 1095 1265 tantis
1127 1225 1417 1278 compa-ratam
1446 1222 1661 1263 laboribus
1694 1223 1743 1263 ad

155 1308 287 1334 unum
313 1293 548 1334 auditorem
572 1293 816 1334 demittere:
848 1292 979 1347 pudet
1002 1306 1130 1346 supra
1160 1291 1329 1332 modum
1354 1291 1559 1331 sermonis
1591 1291 1742 1331 attolli.

157 1363 198 1401 et
229 1375 331 1401 sane
361 1360 574 1415 concipiat
604 1361 697 1415 quis
727 1363 869 1402 mente
892 1360 959 1400 uel
980 1359 1260 1401 declamantis
1281 1358 1471 1399 habitum
1494 1358 1562 1404 uel
1583 1359 1744 1413 orantis

156 1443 316 1482 uocem,
349 1428 574 1482 incessum,
608 1428 1017 1482 pronuntiationem,
1058 1427 1178 1467 illum
1209 1426 1388 1481 denique
1420 1426 1552 1466 animi
1583 1428 1625 1466 et
1657 1441 1743 1466 cor-

106 1505 137 1529 20
156 1496 270 1550 poris
300 1499 477 1550 motum,
511 1496 719 1549 sudorem,
761 1498 809 1536 ut
840 1495 922 1536 alia
952 1497 1231 1549 praeteream,
1273 1496 1314 1534 et
1343 1494 1642 1548 fatigationem
1674 1509 1743 1534 au-

157 1563 300 1604 diente
338 1578 447 1613 uno,
485 1578 629 1605 nonne
667 1563 865 1618 quiddam
904 1563 994 1616 pati
1025 1562 1159 1603 furori
1198 1561 1335 1602 simile
1372 1561 1593 1601 uideatur?
1658 1576 1744 1601 non

157 1633 269 1672 esset
298 1632 344 1672 in
374 1631 498 1672 rebus
530 1631 728 1672 humanis
761 1630 1024 1685 eloquentia,
1066 1630 1099 1670 si
1139 1631 1309 1670 tantum
1350 1643 1443 1670 cum
1475 1628 1654 1683 singulis
1686 1629 1742 1669 10-

156 1713 392 1753 queremur.

270 1766 349 1807 III.
409 1767 583 1808 Tradito
622 1767 703 1808 sibi
743 1781 873 1820 puero
913 1765 1091 1806 docendi
1129 1765 1291 1818 peritus
1321 1763 1542 1818 ingenium
1580 1764 1666 1804 eius
1698 1763 1742 1804 in

106 1841 138 1865 ‘25
157 1834 305 1889 primis
336 1837 617 1889 naturamque
648 1834 889 1889 perspiciet.
940 1832 1105 1887 ingenii
1137 1833 1306 1886 signum
1337 1831 1382 1872 111
1412 1831 1554 1885 paruis
1584 1831 1743 1885 praeci-

157 1917 288 1956 puum
318 1903 522 1944 memoria
553 1905 636 1944 est:
676 1903 766 1943 eius
797 1901 951 1956 duplex
982 1901 1130 1952 uirtus,
1170 1899 1296 1941 facile
1327 1899 1543 1953 percipere
1575 1901 1615 1939 et
1645 1899 1743 1939 fide-

164 1970 262 2011 liter
294 1971 524 2012 continere.
585 1971 825 2024 proximum
855 1969 1058 2010 imitatio:
1098 1982 1197 2008 nam
1236 1967 1278 2007 id
1309 1981 1473 2021 quoque
1504 1969 1567 2007 est
1597 1966 1744 2007 docilis

159 2040 350 2092 naturae,
391 2039 452 2079 sic
481 2040 640 2092 tamen,
681 2040 727 2079 ut
759 2052 828 2091 ea,
870 2051 976 2091 quae
1009 2036 1153 2089 discit,
1196 2035 1394 2089 effingat,
1434 2049 1521 2075 non
1551 2034 1772 2074 habitum*

158 2106 269 2146 forte
301 2108 343 2146 et
372 2106 613 2161 ingressum
645 2108 687 2146 et
718 2106 751 2146 si
783 2105 883 2159 quid
921 2104 966 2144 in
1005 2105 1124 2158 peius
1154 2102 1342 2144 notabile
1374 2104 1450 2143 est.
1508 2116 1595 2143 non
1626 2101 1781 2142 dabit?

107 2180 140 2205 30
159 2173 265 2214 mihi
295 2188 413 2228 spem
443 2174 580 2215 bonae
601 2173 769 2227 indolis,
803 2173 874 2227 qui
896 2172 974 2212 hoc
994 2171 1191 2212 imitandi
1213 2170 1352 2211 studio
1380 2171 1510 2223 petet,
1544 2171 1591 2210 ut
1610 2169 1743 2210 ridea-

160 2244 243 2282 tur.
296 2256 396 2282 nam
427 2242 584 2296 probus
616 2255 780 2296 quoque
801 2241 845 2281 in
869 2239 1016 2294 primis
1039 2240 1118 2280 erit
1138 2239 1209 2280 ille
1230 2252 1328 2280 uere
1348 2237 1609 2292 ingeniosus,
1644 2236 1742 2277 alio-

159 2309 229 2363 qui
260 2324 348 2350 non
380 2310 498 2363 peius
538 2309 727 2349 duxerim
765 2308 875 2349 tardi
915 2322 1005 2348 esse
1042 2306 1207 2361 ingenii
1245 2320 1370 2359 quam
1408 2304 1521 2344 mali.
1587 2305 1741 2357 probus

160 2379 301 2417 autem
333 2377 385 2417 ab
415 2377 489 2417 illo
520 2377 642 2430 segni
674 2379 716 2417 et
745 2375 912 2416 iacente
943 2375 1173 2429 plurimum
1195 2373 1342 2414 aberit.
1384 2372 1454 2413 1110
1474 2386 1603 2424 1110115,
1637 2371 1780 2425 (1111103

159 2445 395 2498 tradentur,
427 2458 515 2485 non
547 2443 775 2484 difficulter
806 2443 1006 2497 accipiet,
1041 2442 1247 2496 quaedam
1280 2441 1407 2481 etiam
1438 2438 1740 2492 interrogabit:

108 2518 140 2542 35
160 2512 357 2566 sequetur
386 2514 531 2553 tamen
562 2511 698 2565 magis
730 2525 855 2564 quam
885 2512 1143 2564 praecurret.
1195 2508 1299 2549 illud
1328 2507 1595 2561 ingeniorum
1626 2505 1742 2545 uelut

248 2618 267 2647 3
294 2615 449 2647 humoris
475 2616 583 2646 ΑΜΒ
653 2615 674 2645 4
698 2616 849 2655 possunt
873 2614 902 2644 A
972 2615 992 2645 5
1019 2616 1073 2644 est
1098 2613 1208 2643 ASb:
1236 2623 1296 2643 om.
1323 2611 1390 2641 ΒΜ
1460 2612 1478 2641 7
1505 2609 1674 2640 imitariA

158 2661 251 2692 110115
276 2662 366 2694 BM:
393 2662 485 2692 uelit
511 2661 572 2698 (sc.
588 2660 688 2701 pueri
709 2660 807 2698 ASb‚
832 2659 935 2690 sedA
961 2659 990 2689 it
1016 2660 1047 2689 1'71
1073 2669 1142 2690 ras.
1170 2669 1207 2688 m.
1224 2659 1242 2687 2
1339 2657 1378 2686 13
1404 2655 1563 2695 loquitur
1587 2654 1648 2691 (se.
1665 2654 1742 2684 ani-

159 2706 251 2747 mus)
277 2707 425 2738 ABMs:
452 2706 634 2747 loquimur
660 2705 742 2735 Par.
770 2706 790 2734 2
815 2709 848 2735 et
873 2707 893 2735 5
986 2704 1179 2743 celsiorque
1206 2703 1234 2732 A
1330 2702 1368 2731 14
1394 2699 1491 2730 uelut
1515 2699 1695 2740 oryanz'sA

161 2753 200 2783 17
227 2752 409 2783 dimittere
435 2752 464 2782 A
556 2752 596 2781 21
625 2748 742 2781 simile
768 2748 832 2780 ille
858 2750 943 2781 coni.
970 2748 1135 2789 Spalding)
1234 2748 1274 2776 22
1302 2745 1510 2786 loqueretur
1534 2745 1605 2782 ab3
1630 2745 1739 2785 sequi-

157 2801 213 2827 tur
238 2798 358 2829 deinde
385 2802 418 2828 τη
442 2797 504 2827 ΑΒ
530 2798 661 2827 titulus:
689 2795 768 2834 Qua
793 2795 936 2825 ratione
962 2794 997 2824 in
1025 2794 1148 2834 paruis
1177 2790 1350 2831 (VARHs
1368 2789 1422 2827 13¹)
1449 2790 1598 2831 ingenia
1618 2789 1742 2820 dinos-

160 2845 291 2873 cantur
318 2845 354 2873 et
380 2852 472 2883 quae
498 2839 694 2872 tractanda
720 2839 793 2870 sint
924 2840 965 2870 25
991 2837 1190 2879 perspiciet
1215 2836 1288 2866 Ab:
1323 2835 1523 2876 prospiciet
1546 2835 1633 2874 ΒΜ,
1660 2845 1742 2875 1101·-

159 2887 295 2928 spiciat
319 2897 340 2923 ς
365 2892 496 2918 ineerta
520 2886 721 2917 (summitate
799 2884 839 2916 31
860 2883 1023 2924 alioquin
1040 2883 1102 2913 Mb
1177 2883 1218 2913 32
1245 2881 1370 2923 ingeni
1386 2881 1412 2911 B
1506 2881 1548 2912 35
1574 2883 1743 2920 sequetur

157 2932 186 2963 A
277 2935 463 2974 precurret
485 2930 541 2972 ΑΙ,
568 2932 754 2973 procurret
773 2930 798 2960 B

1424 2980 1469 3014 ἓξ
