1987 3212
240 77 295 118 22
760 80 1052 119 QUINTILIANI
1083 77 1203 109 INST.
1237 77 1310 107 oa.

354 187 429 229 IV.
489 185 657 227 Primus
688 183 733 224 in
770 196 817 223 eo
828 215 838 235 ,
879 181 951 236 (1111
989 179 1203 222 scribendi
1240 177 1495 233 legendique
1534 166 1712 231 adeptus
1751 175 1832 216 erit

241 256 506 307 facultatem,
540 250 881 307 grammatici
912 250 976 290 est
1005 248 1134 289 locus.
1177 261 1257 288 nec
1287 246 1419 287 refert
1449 245 1498 286 de
1529 258 1682 300 graeco
1704 258 1759 283 an
1780 242 1831 283 (16

203 322 378 365 Zlatino
410 322 570 375 loquar,
605 332 862 373 quamquam
893 330 1094 372 graecum
1127 329 1216 356 esse
1247 314 1432 368 priorem
1461 312 1624 365 placet:
1662 311 1831 364 utrique

245 390 391 432 eadem
422 389 492 429 uia
524 389 598 428 est.
658 386 763 427 haec
802 385 933 439 igitur
971 380 1203 438 professio,
1242 396 1336 422 cum
1374 379 1622 420 breuissime
1651 378 1698 419 in
1729 378 1832 418 duas

246 457 382 513 partis
414 456 643 509 diuidatur,
676 455 791 495 recte
821 451 1021 507 loquendi
1052 436 1277 491 scientiam
1299 450 1341 489 et
1360 449 1583 501 poetarum
1604 445 1833 487 enarratio·
1853 458 1868 483 5

205 526 355 579 3nem,
388 524 482 579 plus
513 523 644 564 habet
673 522 719 563 in
750 535 918 562 recessu
950 533 1075 573 quam
1104 518 1246 559 fronte
1277 515 1503 570 promittit.
1546 528 1647 554 nam
1669 516 1711 554 et
1732 512 1834 554 scri-

246 593 374 635 bendi
404 591 514 632 ratio
547 590 773 631 coniuncta
807 603 902 630 cum
932 586 1140 641 loquendo
1173 586 1257 637 est,
1297 585 1340 623 et
1371 582 1686 623 enarrationem
1717 594 1836 634 prae-

248 661 358 702 cedit
389 659 614 701 emendata
644 657 784 711 lectio,
819 657 861 696 et
890 655 1071 696 mixtum
1102 652 1169 693 his
1198 651 1393 692 omnibus
1414 649 1619 690 iudicium
1639 650 1723 689 est:
1755 662 1836 702 quo

248 729 417 783 quidem
447 727 508 768 ita
540 739 684 767 seuere
723 726 823 765 sunt
854 725 917 764 usi
948 724 1112 763 ueteres
1151 718 1442 774 grammatici,
1481 718 1529 757 ut
1567 730 1654 757 non
1691 730 1837 756 uersus

248 796 370 837 modo
404 794 593 836 censoria
625 792 807 847 quadam
838 790 1007 845 uirgula
1038 790 1186 829 notare
1219 789 1261 827 et
1292 786 1442 838 libros,
1484 784 1555 839 qui
1585 783 1693 824 falso
1725 783 1838 824 uide·
1858 797 1889 821 10

252 865 401 904 rentur
422 861 633 915 inscripti,
657 862 877 914 tamquam
899 857 1089 899 subditos
1112 855 1361 896 submouere
1382 852 1548 893 familia
1569 851 1841 906 permiserint

250 931 344 983 sibi,
379 930 451 971 sed
483 930 677 970 auctores
710 929 814 968 alios
844 927 891 967 111
922 925 1113 966 ordinem
1134 921 1392 976 redegerint,
1427 920 1531 961 alios
1553 919 1726 960 0111111110
1748 933 1840 959 exe-

209 998 408 1042 4merint
439 1011 628 1038 numero.
681 1010 760 1036 nec
790 996 937 1049 poetas
969 992 1124 1046 legisse
1156 990 1259 1031 satis
1282 991 1365 1029 est:
1398 987 1695 1029 excutiendum
1717 999 1841 1027 omne

251 1066 505 1120 scriptorum
536 1078 670 1118 genus
702 1077 789 1103 non
819 1063 992 1116 propter
1022 1058 1221 1100 historias
1253 1056 1396 1109 modo,
1437 1055 1511 1096 sed
1541 1054 1692 1108 uerba,
1735 1067 1842 1108 quae

252 1134 500 1188 frequenter
530 1132 594 1173 ius
627 1131 679 1172 ab
711 1129 954 1171 auctoribus
987 1128 1173 1168 sumunt.
1226 1127 1317 1165 tum
1347 1137 1483 1178 neque
1516 1123 1622 1163 citra
1652 1121 1894 1162 1111131661115

252 1200 530 1256 grammatice
562 1201 703 1254 potest
735 1212 825 1239 esse
856 1196 1061 1250 perfecta,
1097 1208 1191 1235 cum
1223 1193 1259 1234 61
1292 1192 1342 1232 (16
1372 1191 1519 1232 metris
1551 1187 1843 1244 rhythmisque

253 1268 479 1309 dicendum
510 1267 584 1308 sit:
617 1281 696 1307 nec
726 1265 761 1306 si
782 1265 992 1305 rationem
1014 1262 1196 1303 siderum
1219 1261 1401 1315 ignoret,
1435 1260 1582 1313 poetas
1603 1257 1842 1311 intellegat,

254 1337 339 1390 qui,
372 1337 421 1376 ut
452 1335 534 1375 alia
567 1334 776 1387 omittam,
810 1332 966 1374 totiens
998 1332 1093 1371 ortu
1124 1342 1360 1382 occasuque
1392 1327 1612 1381 signorum
1643 1325 1686 1365 in
1710 1323 1846 1365 decla-

252 1404 397 1444 randis
428 1402 690 1457 temporibus
721 1402 919 1441 utantur:
951 1413 1031 1440 nec
1061 1398 1215 1452 ignara
1242 1394 1535 1449 philosophiae
1559 1408 1652 1434 cum
1674 1393 1848 1446 propter

253 1471 457 1526 plurimos
488 1470 534 1511 in
565 1469 759 1511 omnibus
791 1468 880 1509 fere
912 1466 1171 1508 carminibus
1202 1464 1315 1504 locos
1343 1477 1393 1503 ex
1414 1462 1567 1503 intima
1588 1459 1846 1501 naturalium
1866 1473 1898 1498 20

255 1539 552 1593 quaestionum
583 1536 820 1578 subtilitate
852 1534 1069 1589 repetitos,
1102 1535 1194 1573 tum
1214 1531 1281 1572 uel
1303 1532 1477 1585 propter
1498 1527 1781 1583 Empedoclea
1801 1527 1847 1568 in

257 1606 452 1660 Graecis,
486 1606 723 1647 Varronem
756 1618 806 1645 ac
838 1602 1081 1644 Lucretium
1111 1601 1154 1641 in
1187 1599 1379 1652 Latinis,
1421 1597 1492 1652 qui
1523 1598 1752 1651 praecepta
1785 1610 1848 1636 sa-

216 1670 446 1728 5pientiae
477 1674 670 1715 uersibus
701 1671 983 1713 tradiderunt.
1045 1667 1288 1723 eloquentia
1328 1680 1491 1720 quoque
1530 1679 1617 1705 11011
1648 1663 1845 1704 mediocri

258 1744 322 1783 est
353 1757 471 1796 opus,
504 1744 551 1782 ut
581 1741 631 1782 de
662 1753 914 1794 unaquaque
946 1752 1103 1790 earum,
1137 1750 1240 1790 quas
1272 1732 1676 1785 demonstrauimus,
1709 1745 1849 1771 rerum

258 1810 373 1851 dicat
403 1809 571 1863 proprie
594 1811 636 1849 et
658 1809 839 1862 copiose.
883 1820 963 1860 quo
985 1806 1125 1846 minus
1148 1805 1249 1845 sunt
1268 1801 1447 1855 ferendi,
1481 1800 1551 1854 qui
1581 1799 1693 1840 hanc
1716 1801 1849 1839 artem
1869 1812 1901 1837 25

259 1880 308 1919 ut
337 1880 510 1918 tenuem
542 1879 668 1931 atque
699 1876 887 1916 ieiunam
919 1873 1196 1915 cauillantur:
1237 1884 1343 1924 quae
1380 1869 1463 1910 nisi
1501 1868 1681 1909 oratoris
1717 1866 1851 1907 futuri

258 1945 542 1987 fundamenta
563 1944 744 1985 fideliter
765 1943 879 1996 iecit,
904 1940 1108 1996 quidquid
1129 1937 1474 1993 superstruxeris,
1500 1937 1685 1977 corruet:
1707 1949 1850 1976 neces-

261 2013 372 2054 saria
402 2012 558 2066 pueris,
591 2011 776 2052 iucunda
808 2010 993 2063 senibus,
1027 2007 1161 2049 dulcis
1193 2007 1451 2048 secretorum
1483 2018 1636 2057 comes,
1670 2004 1712 2044 et
1743 2016 1851 2057 quae

260 2081 328 2122 uel
366 2080 455 2121 sola
494 2084 533 2121 in
580 2079 697 2121 omni
734 2078 969 2120 studiorum
1014 2090 1171 2132 genere
1220 2075 1315 2129 plus
1354 2073 1512 2114 habeat
1549 2071 1687 2125 operis
1725 2084 1851 2124 quam

262 2148 576 2190 ostentationis.
1871 2152 1904 2177 :10

223 2213 248 2254 6
376 2216 441 2257 Ν6
472 2216 565 2270 quis
604 2215 738 2269 igitur
775 2215 992 2267 tamquam
1032 2225 1165 2265 parua
1202 2209 1397 2251 fastidiat
1433 2206 1733 2263 grammatices
1773 2205 1853 2246 ele-

355 2324 373 2352 2
401 2320 632 2359 grammatici
656 2319 701 2350 A:
729 2317 981 2359 grammaticis
1006 2316 1066 2346 Ba
1091 2316 1164 2346 rell.
1190 2319 1221 2345 et
1248 2322 1269 2348 ς
1362 2315 1382 2343 3
1404 2312 1586 2351 utrimque
1613 2320 1634 2341 a
1727 2312 1747 2341 5
1772 2319 1853 2351 par-

264 2370 319 2398 tes
344 2367 453 2397 AMb
570 2366 589 2396 6
616 2375 722 2406 quam
750 2364 785 2393 in
812 2362 930 2394 fronte
955 2363 982 2392 F
1098 2360 1278 2401 promittit
1303 2359 1393 2389 BM:
1421 2357 1612 2399 promittat
1636 2356 1730 2386 ASb
1834 2356 1852 2387 7

266 2413 513 2443 narrationem
547 2411 621 2441 ΒΜ
736 2407 927 2450 praecedit
951 2407 994 2437 A:
1030 2405 1230 2447 praecedet
1253 2405 1360 2435 BMS
1498 2402 1518 2432 8
1551 2411 1620 2442 quo
1645 2401 1725 2431 Ab:
1759 2399 1854 2441 quod

265 2458 371 2488 BMS
465 2458 484 2489 9
510 2459 594 2487 sunt
617 2455 646 2485 A
671 2457 703 2485 in
729 2465 798 2485 ras.
897 2454 932 2484 ll
963 2451 1174 2483 subdititios
1198 2451 1243 2490 M,
1271 2449 1391 2480 subito
1409 2448 1438 2478 A
1532 2446 1765 2477 familiariter
1788 2446 1809 2476 b

269 2505 308 2534 14
335 2512 427 2542 quac
453 2513 513 2534 om.
540 2499 583 2531 A¹
704 2501 742 2531 15
769 2500 807 2530 tss
833 2498 862 2528 A
887 2500 919 2529 in
945 2508 1014 2528 ras.
1041 2497 1166 2528 maiore
1283 2504 1398 2536 neque
1426 2496 1529 2524 extra
1553 2493 1615 2522 Ab
1720 2490 1855 2522 musicf:

267 2548 509 2586 grammatica
534 2547 568 2577 M
662 2546 701 2576 17
729 2543 923 2584 intelleget
947 2543 972 2572 L
1067 2543 1107 2572 18
1132 2545 1209 2572 {mle
1237 2540 1311 2571 alia
1337 2543 1370 2571 in
1395 2539 1447 2578 Bg
1471 2548 1543 2569 noc.
1572 2536 1635 2567 ille
1662 2546 1793 2567 erasnm

268 2594 431 2623 omittam
457 2593 583 2623 AMb:
611 2591 750 2621 mittam
769 2590 807 2629 B,
837 2588 931 2619 alios
957 2587 1100 2618 mittam
1119 2589 1138 2618 S
1234 2588 1273 2617 19
1292 2588 1440 2616 utantur
1464 2583 1555 2614 BM:
1583 2585 1730 2612 utuntur
1746 2581 1853 2620 ASb,

268 2640 330 2669 sed
354 2639 385 2668 in
411 2638 440 2668 A
464 2639 574 2668 media
599 2647 620 2667 11
646 2638 679 2667 in
704 2646 774 2666 ras.
868 2635 908 2664 ‘21
936 2636 1009 2663 tum
1036 2632 1094 2663 uel
1121 2634 1270 2673 propter
1296 2628 1418 2662 0111.A¹
1514 2626 1750 2668 empedoclca
1767 2626 1853 2658 BM:

269 2682 493 2723 enposloclcn
519 2683 558 2718 A,
588 2680 828 2723 cmpedoclcn
852 2680 884 2718 b,
914 2676 1175 2720 cmpedoelcna
1201 2679 1238 2714 ὃς
1266 2677 1311 2716 ef.
1343 2675 1515 2714 illeysernm
1540 2674 1587 2703 ad
1612 2674 1642 2707 2,
1670 2673 1701 2707 4,
1723 2673 1764 2702 41

269 2730 311 2758 ²22
338 2729 522 2768 snpientia
546 2726 586 2757 A¹
682 2728 724 2758 25
752 2725 900 2766 copiose
929 2727 964 2754 ot
989 2723 1132 2765 proprie
1151 2723 1180 2752 A
1204 2725 1294 2753 solus
1387 2721 1429 2751 20
1455 2718 1569 2749 futuri
1593 2717 1704 2748 ASb:
1734 2716 1856 2747 futura

269 2774 295 2803 B
323 2774 471 2811 [oratori
499 2773 619 2803 futuro
645 2772 692 2810 M)
787 2772 828 2801 ‘27
856 2769 986 2800 iecerit
1011 2769 1045 2798 M
1139 2766 1311 2808 quicquid
1336 2766 1365 2796 A
1463 2765 1505 2795 29
1531 2764 1566 2794 111
1592 2763 1724 2793 addidit
1756 2761 1856 2791 ns'as-

269 2829 345 2848 sens
383 2817 431 2855 (in
468 2819 577 2848 indic-e
603 2818 648 2847 ml
673 2814 893 2857 δ’(ιῖίῑιςιίιιηι),
927 2825 969 2845 cx
996 2813 1090 2845 omni
1117 2813 1301 2847 Fraus-ius,-
1333 2811 1376 2851 ‘'f-
1402 2810 1584 2840 Buttmann
1610 2807 1678 2845 IV,
1697 2817 1731 2847 p.
1754 2805 1855 2837 Xlll

271 2864 331 2893 etl..
351 2863 469 2903 Slmld.
586 2864 623 2893 31
653 2863 848 2894 clementa.
900 2860 953 2891 De
981 2859 1115 2890 litteris
1139 2858 1304 2896 ABMS;
1335 2856 1556 2895 inscriptione
1581 2864 1626 2885 ea:
1650 2852 1798 2893 margyine
1824 2852 1856 2882 in

265 2908 373 2941 libros
399 2909 564 2939 incalcata
591 2913 685 2939 carel
713 2908 860 2939 loannes
886 2904 1150 2937 Savia-heriensis*
1175 2903 1337 2944 Alletaloy.
1359 2901 1387 2938 I,
1408 2903 1450 2931 25
1541 2903 1546 2906 ”
