1955 3228
823 77 870 105 11.
922 74 955 119 4,
987 75 1121 106 s—ess.
1174 89 1176 94 ·
1717 62 1770 104 79

290 181 395 221 Inde
434 180 642 235 paulatim
682 178 734 219 ad
772 178 933 218 maiora
972 178 1145 219 tendere
1183 177 1383 232 incipiet,
1422 175 1596 217 laudare
1638 176 1772 217 claros
1785 176 1840 217 20

178 248 291 289 uiros
323 250 366 289 et
394 247 638 302 uituperare
669 245 896 300 inprobos:
935 246 1045 300 quod
1082 260 1169 287 non
1200 245 1403 299 simplicis
1434 243 1636 285 utilitatis
1667 258 1771 298 opus

179 319 256 358 est.
308 329 492 370 namque
523 316 565 356 et
595 314 817 370 ingenium
849 315 1067 354 exercetur
1105 313 1333 368 multiplici
1362 312 1565 367 uariaque
1596 311 1774 352 materia

180 387 223 425 et
253 384 419 425 animus
453 382 811 436 contemplatione
842 381 948 422 recti
979 381 1183 435 prauique
1204 381 1426 435 formatur,
1460 382 1502 421 et
1522 380 1655 421 multa
1675 379 1773 420 inde

146 464 161 489 5
182 452 370 506 cognitio
406 465 547 492 rerum
586 450 705 492 uenit
742 448 1048 503 exemplisque,
1096 463 1203 503 quae
1244 451 1343 489 sunt
1380 449 1425 489 in
1464 448 1579 489 omni
1618 461 1773 502 genere

134 803 164 826 lo

134 1482 166 1506 ΞΟ

141 2163 172 2185 :50

183 533 403 560 causarum
427 518 737 573 potentissima,
767 518 851 558 iam
874 519 966 557 tum
987 516 1173 569 instruit,
1197 531 1291 557 cum
1312 530 1377 557 res
1399 518 1558 569 poscet,
1585 530 1771 556 usurum.

181 587 282 628 hine
303 587 377 628 illa
398 601 562 641 quoque
584 585 831 628 exercitatio
853 584 967 626 subit
989 584 1331 638 comparationis,
1356 585 1449 624 uter
1465 583 1612 624 melior
1628 585 1775 624 uterne
1789 585 1841 626 21

183 655 386 696 deterior:
430 669 536 709 quae
573 667 828 708 quamquam
866 654 1059 693 uersatur
1089 652 1134 692 in
1165 652 1330 692 ratione
1362 650 1509 704 simili,
1554 653 1697 691 tamen
1735 653 1777 691 et

183 722 376 777 duplicat
406 722 628 763 materiam
660 724 702 763 et
733 721 939 767 uirtutum
960 719 1243 774 uitiorumque
1265 733 1351 760 non
1373 720 1542 759 tantum
1563 720 1775 772 naturam,

184 790 256 832 sed
288 790 417 831 etiam
454 789 624 830 modum
662 790 835 830 tractat.
894 803 1041 829 uerum
1081 788 1131 829 de
1172 788 1318 829 ordine
1357 787 1492 827 laudis
1533 788 1777 841 contraque,

183 858 385 913 quoniam
415 858 544 898 tertia
576 856 680 898 haec
710 856 943 898 rhetorices
975 870 1073 910 pars
1105 857 1188 909 est,
1232 855 1539 909 praecipiemus
1571 869 1644 895 suo
1675 856 1779 895 tem-

183 940 296 980 pore.

298 992 605 1035 Communes
642 993 747 1034 loci
788 993 857 1046 (de
888 993 939 1033 iis
970 992 1138 1047 loquor,
1181 991 1332 1046 quibus
1365 992 1471 1033 citra
1502 1005 1703 1045 personas
1734 991 1779 1031 in
1793 993 1847 1034 22

184 1063 277 1116 ipsa
307 1061 414 1102 uitia
443 1060 572 1102 moris
604 1063 668 1101 est
697 1075 910 1115 perorare,
943 1062 990 1101 ut
1020 1060 1066 1101 in
1099 1060 1351 1114 adulterum,
1386 1060 1628 1113 aleatorem,
1661 1061 1780 1113 petu—

150 1143 165 1167 s·
185 1129 363 1185 lantem)
396 1144 446 1169 ex
476 1128 626 1169 mediis
658 1130 758 1169 sunt
786 1128 953 1170 iudiciis
976 1130 1031 1182 et,
1066 1128 1100 1169 si
1122 1142 1238 1168 reum
1261 1128 1432 1183 adicias,
1467 1127 1780 1169 accusationes:

185 1211 440 1251 quamquam
470 1197 513 1238 hi
545 1212 709 1252 quoque
739 1197 792 1237 ab
814 1196 886 1237 illo
908 1195 1101 1251 generali
1122 1198 1312 1237 tractatu
1334 1195 1386 1236 ad
1408 1196 1611 1250 quasdam
1633 1194 1781 1235 deduci

184 1265 345 1320 species
377 1265 527 1318 solent,
560 1267 606 1305 ut
637 1265 670 1305 si
702 1267 887 1319 ponatur
919 1265 1084 1306 adulter
1116 1278 1280 1318 caecus,
1314 1264 1477 1305 aleator
1505 1277 1678 1317 pauper,
1712 1278 1781 1317 pe—

184 1333 329 1374 tulans
360 1347 503 1375 seneX.
563 1332 725 1374 habent
763 1335 904 1374 autem
943 1347 1264 1386 nonnumquam
1302 1332 1432 1373 etiam
1470 1330 1781 1372 defensionem:

186 1416 286 1443 nam
318 1403 360 1442 et
390 1415 465 1456 pro
496 1401 664 1442 luxuria
696 1403 743 1457 et
768 1416 844 1455 pro
876 1415 1017 1442 amore
1049 1400 1242 1453 dicimus,
1277 1401 1319 1440 et
1350 1399 1446 1440 leno
1468 1399 1639 1440 interim
1661 1414 1781 1453 para-
1796 1401 1849 1442 23

186 1470 376 1524 situsque
408 1469 653 1510 defenditur
674 1469 746 1522 sic,
778 1471 826 1510 ut
847 1483 933 1510 non
955 1468 1116 1509 homini
1140 1468 1470 1522 patrocinemur,
1504 1467 1575 1508 sed
1599 1467 1780 1508 crimini.

299 1537 488 1592 Thespis
521 1538 675 1590 autem,
708 1551 815 1591 quae
847 1539 1072 1578 sumuntur
1103 1551 1151 1577 ex
1183 1550 1324 1577 rerum
1357 1535 1694 1589 comparatione,
1737 1537 1783 1576 ut
1797 1538 1851 1578 24

188 1605 428 1646 ‘rusticane
460 1605 550 1646 uita
583 1620 637 1645 an
669 1605 834 1645 urbana
864 1604 1035 1658 potior?
1074 1604 1177 1646 iuris
1214 1603 1341 1658 periti
1382 1618 1437 1644 an
1474 1603 1671 1644 militaris
1703 1604 1781 1644 uiri

187 1674 280 1715 laus
311 1672 498 1714 maior?
530 1673 635 1714 mire
667 1675 766 1714 sunt
788 1673 838 1713 ad
862 1673 1211 1713 exercitationem
1234 1671 1400 1712 dicendi
1424 1671 1636 1725 speciosae
1658 1673 1783 1725 atque

188 1743 359 1795 uberes,
400 1755 507 1796 quae
544 1740 612 1782 uel
654 1741 705 1781 ad
738 1740 941 1782 suadendi
973 1740 1161 1781 officium
1192 1740 1261 1780 uel
1293 1740 1421 1780 etiam
1453 1739 1504 1780 ad
1535 1739 1784 1780 iudiciorum

138 1822 167 1846 Ξῖ
190 1809 545 1864 disceptationem
564 1808 715 1849 iuuant
732 1809 980 1863 plurimum:
999 1823 1098 1849 nam
1121 1808 1329 1862 posterior
1349 1822 1399 1848 ex
1419 1807 1648 1861 praedictis
1669 1807 1784 1849 locus

189 1881 236 1920 in
277 1893 403 1919 causa
440 1876 645 1918 Murenae
685 1877 973 1931 copiosissime
1013 1892 1036 1917 a
1076 1876 1277 1918 Cicerone
1316 1877 1540 1917 tractatur.
1607 1878 1707 1916 sunt
1745 1878 1853 1918 0t25

193 1947 291 1988 illae
322 1960 458 2001 paene
489 1948 607 1986 totae
639 1945 691 1986 ad
714 1945 1038 1986 deliberatiuum
1060 1945 1325 1999 pertinentes
1346 1958 1482 1998 genus
1515 1944 1785 1985 ‘ducendane

191 2030 309 2069 uxor,
342 2013 573 2069 petendine
604 2013 692 2054 sint
721 2014 1000 2067 magistratus
1016 2017 1047 2053 ἐ
1080 2027 1262 2067 namque
1286 2014 1327 2053 et
1348 2012 1427 2053 hae
1449 2012 1641 2066 personis
1664 2011 1812 2052 modo*

192 2083 367 2124 adiectis
398 2082 610 2123 suasoriae
642 2084 779 2123 erunt.

307 2151 510 2193 Solebant
540 2152 837 2204 praeceptores
876 2150 958 2191 mei
996 2164 1133 2204 neque
1165 2149 1304 2189 inutili
1339 2150 1380 2190 et
1411 2148 1534 2190 nobis
1566 2149 1694 2189 etiam
1727 2148 1852 2191 iu-Qo'

194 2219 330 2261 cundo
352 2233 509 2274 genere
531 2218 849 2259 exercitationis
870 2232 1127 2272 praeparare
1156 2232 1233 2257 nos
1257 2217 1610 2258 coniecturalibus
1634 2216 1785 2268 causis,

195 2303 288 2329 cum
327 2301 528 2342 quaerere
566 2288 690 2341 atque
729 2286 898 2341 exsequi
936 2286 1133 2326 iuberent
1171 2288 1269 2326 ecur
1308 2287 1471 2326 armata
1511 2284 1619 2338 apud
1660 2283 1786 2324 Lace-

195 2355 438 2396 daemonios
470 2354 671 2396 Venus‘?'
714 2357 755 2395 et
794 2354 915 2408 equid
952 2355 1013 2394 ita
1053 2353 1293 2394 crederetur
1325 2352 1486 2407 Cupido
1528 2366 1631 2405 puer
1660 2354 1787 2404 atque

195 2424 366 2465 uolueer
397 2425 438 2464 et
470 2423 640 2477 sagittis
673 2436 720 2463 ac
752 2422 846 2463 face
878 2424 1101 2473 armatus’,
1135 2424 1176 2462 et
1207 2421 1375 2475 similia,
1417 2421 1462 2461 in
1493 2419 1642 2474 quibus
1674 2433 1787 2459 scru-

286 2553 305 2583 2
332 2550 516 2593 improbos
541 2550 596 2580 Ba
712 2548 888 2590 simplicis
913 2549 942 2579 A
967 2550 1000 2580 in
1025 2559 1094 2583 ras.
1226 2550 1245 2579 4
1273 2551 1308 2579 ct
1334 2547 1474 2578 animus
1501 2564 1541 2567 —
1570 2545 1787 2577 exercitatio

197 2595 308 2639 subit]
333 2597 416 2628 haec
442 2597 470 2626 A
494 2607 533 2626 m.
549 2596 568 2626 2
594 2596 625 2626 in
651 2605 775 2626 rasura
800 2594 908 2631 habel,
935 2601 1050 2626 uetere
1074 2595 1216 2625 lectione
1239 2603 1383 2634 prorsus
1409 2593 1520 2623 deleta
1614 2591 1728 2622 erecti
1747 2591 1785 2631 B,

196 2644 258 2674 sed
278 2644 379 2684 prior
404 2652 421 2673 e
447 2643 481 2673 z'n
505 2641 554 2672 Bn
575 2644 739 2682 punctam
845 2641 864 2671 5
891 2642 927 2671 et
954 2639 1129 2681 exemplis
1154 2649 1175 2668 a
1289 2639 1307 2668 6
1334 2637 1481 2668 instruit
1507 2654 1545 2658 —-
1573 2646 1717 2667 usurum
1743 2636 1787 2667 B:

198 2688 390 2720 instruitur
415 2705 457 2709 —
482 2696 612 2718 usurus
638 2687 686 2716 ab
760 2686 799 2716 13
827 2685 870 2716 de
896 2685 952 2716 his
979 2686 1041 2716 AB
1126 2686 1166 2715 14
1192 2684 1273 2724 ipsa
1298 2683 1376 2713 uita
1394 2683 1419 2712 B
1503 2683 1543 2713 16
1569 2684 1731 2713 tractatu
1746 2682 1785 2720 A,

197 2735 260 2765 sed
283 2737 317 2764 tr
341 2734 374 2764 in
399 2743 469 2766 ras.
495 2732 632 2763 maioris
656 2731 761 2771 spatii
859 2731 899 2761 19
924 2729 1008 2775 legio
1034 2731 1062 2761 A
1170 2730 1209 2759 21
1237 2728 1354 2759 thesis
1379 2728 1455 2758 AB:
1484 2727 1607 2758 theses
1632 2736 1653 2762 ς
1746 2728 1788 2757 23

198 2779 313 2810 mirae
338 2788 359 2809 a
464 2777 751 2819 exercitationes
777 2776 802 2806 B
918 2776 960 2806 24
986 2774 1199 2805 iudiciorum
1226 2773 1516 2813 disceptationem
1542 2772 1586 2803 A:
1614 2771 1787 2803 iudicium

199 2824 578 2865 disceptationemque
595 2822 632 2861 B,
660 2821 873 2852 iudiciorum
893 2819 1272 2861 disceptationumque
1291 2819 1310 2848 b
1404 2819 1444 2849 27
1471 2817 1684 2859 pertinentis
1701 2815 1742 2847 ΑῙ

199 2870 241 2900 ‘28
269 2872 305 2900 et
329 2869 403 2900 Ab:
431 2879 490 2900 om.
516 2868 542 2898 B
613 2867 703 2898 haee
729 2868 748 2897 b
819 2865 858 2896 31
889 2864 1154 2896 exerc-[tationis
1182 2873 1402 2904 praepar-(we
1429 2862 1631 2904 (praepam
1659 2860 1744 2903 Im.)
1761 2863 1789 2892 A

291 2916 332 2946 32
360 2913 487 2955 exequi
514 2913 538 2943 B
