1939 3228
746 135 827 165 ΧΠ.
878 133 931 177 10,
953 131 996 162 34
1007 131 1121 164 —44.
1642 123 1723 165 351

255 234 408 276 Adhuc
439 235 609 289 quidam
639 235 801 277 nullam
840 251 928 278 esse
966 236 1204 277 naturalem
1241 237 1395 290 putant
1425 235 1722 290 eloquentiam,
1739 235 1793 276 40

141 301 225 343 nisi
255 316 361 356 quae
392 302 448 343 sit
479 302 690 345 cotidiano
722 305 904 345 sermoni
936 304 1159 359 simillima,
1191 317 1272 358 quo
1305 318 1397 345 eum
1429 304 1595 358 amicis,
1628 318 1724 345 con-

141 368 325 424 iugibus,
358 369 516 424 liberis,
550 371 682 412 seruis
714 372 948 426 loquamur,
982 374 1183 414 contento
1203 386 1394 426 promere
1417 372 1548 413 animi
1578 372 1725 413 uolun-

140 438 274 478 tatem
312 437 500 493 nihilque
541 439 733 480 arcessiti
772 442 814 481 et
851 440 1057 481 elaborati
1095 440 1357 494 requirente:
1403 439 1605 494 quidquid
1642 439 1724 481 huc

106 505 198 545 5sit
234 505 466 560 adiectum,
514 506 557 547 id
595 521 685 548 esse
724 507 1019 548 adfectationis
1058 509 1100 549 et
1137 508 1384 548 ambitiosae
1431 507 1477 548 in
1515 507 1723 561 loquendo

141 573 386 627 iactantiae,
426 576 634 615 remotum
666 589 690 615 a
720 575 902 616 ueritate
932 575 1159 630 fictumque
1189 575 1377 629 ipsorum
1408 575 1548 629 gratia
1577 576 1723 616 uerbo-

139 654 245 694 rum,
277 641 426 695 quibus
458 635 592 682 solum
622 644 775 683 natura
806 644 861 683 sit
891 642 1078 683 officium
1109 643 1374 697 attributum,
1408 643 1565 684 seruire
1594 643 1723 684 sensi-

139 708 238 749 bus:
278 708 386 749 sicut
417 708 673 750 athletarum
705 724 899 764 corpora,
939 710 1104 751 etiamsi
1142 709 1348 751 ualidiora
1385 711 1493 751 fiant
1523 711 1723 752 exercita-
1736 711 1789 751 41

139 775 255 817 tione
287 778 329 817 et
358 776 452 831 lege
483 777 665 832 quadam
697 778 899 832 ciborum,
940 792 1026 819 non
1057 780 1199 818 tamen
1232 792 1321 819 esse
1352 778 1566 819 naturalia
1597 781 1722 833 atque

89 850 121 874 10
141 843 193 884 ab
225 843 298 884 illa
337 845 497 899 specie,
538 846 739 900 quaesit
779 860 978 886 concessa
1016 845 1280 900 hominibus,
1319 846 1556 887 abhorrere.
1625 847 1722 901 quid

139 911 273 965 enim,
314 911 534 966 inquiunt,
575 913 731 954 attinet
763 913 985 954 circumitu
1014 927 1080 954 res
1110 913 1331 954 ostendere
1363 916 1405 954 et
1434 914 1723 955 translationi-

138 979 230 1032 bus,
262 978 305 1019 id
336 981 400 1020 est
430 982 505 1021 aut
534 980 725 1034 pluribus
757 983 831 1021 aut
864 981 1014 1022 alienis
1036 981 1192 1035 uerbis,
1227 996 1320 1022 cum
1351 996 1425 1022 sua
1458 982 1605 1036 cuique
1637 983 1723 1023 sint

139 1046 365 1101 adsignata
412 1047 617 1088 nomina?
682 1048 862 1103 denique
908 1049 1250 1103 antiquissimum
1297 1064 1502 1103 quemque
1539 1051 1720 1091 maxime
1735 1050 1789 1090 42

139 1114 368 1156 secundum
411 1117 609 1156 naturam
650 1115 804 1157 dixisse
851 1116 1135 1158 contendunt:
1181 1130 1277 1156 mox
1317 1117 1454 1170 poetis
1500 1105 1721 1159 similiores

88 1187 120 1213 15
139 1182 341 1236 extitisse,
376 1183 542 1224 etiamsi
570 1184 752 1237 parcius,
784 1184 911 1225 simili
942 1186 1087 1225 tamen
1117 1184 1281 1225 ratione
1310 1184 1420 1225 falsa
1441 1186 1483 1225 et
1504 1185 1723 1240 inpropria

137 1251 317 1291 uirtutes
349 1250 555 1292 ducentis.
616 1266 699 1306 qua
728 1251 773 1293 in
804 1251 1092 1306 disputatione
1123 1251 1320 1292 nonnihil
1358 1253 1447 1292 ueri
1487 1255 1570 1307 est,
1611 1253 1721 1294 ideo-

138 1332 217 1372 que
247 1332 332 1359 non
364 1320 453 1359 tam
482 1318 643 1373 procul,
676 1334 801 1373 quam
831 1319 881 1360 fit
911 1334 935 1360 a
966 1319 1236 1374 quibusdam,
1267 1319 1545 1360 recedendum
1576 1336 1599 1361 a
1629 1336 1722 1374 pro-

137 1385 242 1439 priis
274 1388 399 1440 atque
432 1386 736 1428 communibus.
781 1387 817 1428 si
844 1387 940 1441 quis
971 1389 1131 1441 tamen,
1165 1390 1212 1428 ut
1241 1388 1286 1428 in
1317 1387 1407 1428 loco
1439 1387 1523 1428 dixi
1557 1388 1789 1443 compo-43

138 1453 326 1507 sitionis,
367 1454 420 1494 ad
450 1454 706 1508 necessaria,
749 1455 899 1509 quibus
936 1455 1044 1495 nihil
1082 1455 1220 1496 minus
1261 1457 1346 1509 est,
1387 1455 1545 1509 aliquid
1576 1456 1723 1497 melius

88 1525 119 1550 20
140 1521 354 1576 adiecerit,
388 1536 475 1563 non
507 1522 586 1563 erit
614 1522 695 1563 hac
727 1522 939 1563 calumnia
970 1523 1298 1576 reprendendus.
1341 1538 1441 1563 nam
1461 1523 1565 1564 mihi
1597 1524 1724 1564 aliam

139 1589 353 1643 quandam
384 1589 553 1630 uidetur
584 1590 739 1631 habere
769 1592 967 1631 naturam
999 1605 1134 1632 sermo
1155 1590 1359 1645 uulgaris,
1393 1591 1518 1631 aliam
1540 1591 1621 1632 uiri
1643 1592 1723 1633 elo-

139 1657 308 1711 quentis
339 1657 495 1698 oratio:
537 1658 602 1699 cui
633 1658 668 1698 si
699 1672 764 1698 res
795 1658 918 1699 modo
947 1658 1137 1699 indicare
1169 1658 1272 1699 satis
1303 1661 1433 1712 esset,
1474 1658 1582 1700 nihil
1612 1659 1724 1700 ultra

138 1725 364 1766 uerborum
402 1725 708 1779 proprietatem
747 1725 1001 1767 elaboraret:
1048 1726 1120 1767 sed
1169 1740 1263 1767 cum
1309 1726 1460 1767 debeat
1498 1726 1720 1781 delectare,

137 1806 321 1846 mouere,
353 1793 400 1833 in
429 1792 635 1846 plurimas
666 1793 854 1834 animum
885 1793 1095 1834 audientis
1126 1794 1287 1848 species
1317 1793 1542 1848 inpellere,
1582 1796 1724 1835 utetur

87 1864 119 1890 25
137 1859 203 1900 his
234 1874 399 1914 quoque
431 1860 669 1915 adiutoriis,
710 1875 816 1915 quae
855 1863 955 1901 sunt
994 1861 1048 1902 ab
1086 1861 1231 1902 eadem
1268 1861 1390 1902 nobis
1423 1875 1620 1902 concessa
1651 1877 1724 1902 na-

137 1930 255 1969 tura:
287 1942 389 1968 nam
421 1930 463 1969 et
493 1928 673 1969 lacertos
705 1928 1007 1970 exercitatione
1040 1928 1331 1983 constringere
1363 1931 1404 1970 et
1435 1943 1590 1984 augere
1611 1930 1723 1971 uires
1735 1929 1791 1969 44

139 1998 181 2036 et
212 1995 393 2037 colorem
424 1995 592 2037 trahere
622 1996 817 2037 naturale
849 1998 925 2037 est.
994 1996 1169 2050 ideoque
1207 1998 1253 2037 in
1291 1996 1484 2038 omnibus
1524 1998 1722 2052 gentibus

139 2063 245 2104 alius
277 2063 361 2104 alio
391 2063 615 2104 facundior
651 2063 832 2105 habetur
871 2066 912 2105 et
951 2063 1184 2118 eloquendo
1223 2064 1356 2105 dulcis
1393 2065 1545 2119 magis.
1613 2065 1722 2120 quod

138 2131 174 2172 si
203 2145 291 2172 non
322 2131 524 2186 eueniret,
557 2146 702 2172 omnes
732 2146 855 2186 pares
887 2134 1047 2173 essent:
1079 2134 1123 2172 at
1153 2132 1264 2173 idem
1294 2132 1486 2173 homines
1518 2132 1641 2173 aliter
1672 2127 1728 2173 de

231 2282 247 2311 1
275 2280 393 2312 adhuc
418 2281 512 2312 libri:
539 2281 584 2312 ad
610 2280 677 2312 hoc
704 2282 756 2315 ecl.
778 2281 904 2322 Gryplz.
925 2282 1013 2312 1544
1030 2285 1061 2312 et
1080 2289 1101 2315 ς
1193 2283 1212 2312 3
1239 2280 1350 2312 animi
1375 2281 1413 2311 b:
1444 2280 1555 2312 amini
1573 2280 1598 2311 B
1625 2280 1720 2323 (pro—

138 2326 329 2356 meramini
353 2326 402 2365 Μ)
496 2327 517 2357 4
543 2326 714 2357 arcessiti
738 2326 822 2356 BM:
851 2329 886 2357 et
912 2326 1082 2357 arcessiti
1107 2327 1126 2356 b
1220 2328 1240 2358 5
1264 2325 1300 2356 id
1326 2336 1405 2357 esse
1430 2326 1469 2357 b:
1497 2325 1625 2358 adesse
1651 2327 1720 2357 ΒΜ

230 2370 432 2402 adfectatio
459 2373 496 2402 et
522 2371 738 2402 ambitiosae
766 2374 801 2402 et
825 2372 862 2402 in
888 2371 983 2412 loqu,
1011 2372 1230 2402 iactantiore
1254 2372 1274 2401 b
1400 2372 1419 2402 6
1446 2372 1567 2412 gratia
1592 2373 1720 2403 uerbo-

139 2426 216 2447 rum
241 2416 280 2446 b:
307 2426 366 2448 om.
392 2415 460 2446 ΒΜ
555 2417 595 2447 10
622 2415 776 2447 abhorre
801 2417 822 2446 b
917 2418 954 2447 11
983 2416 1173 2447 circumitu
1198 2415 1241 2447 B:
1270 2415 1425 2447 circuitu
1449 2416 1512 2446 Mb
1606 2417 1720 2448 trala-

138 2460 300 2492 tionibus
324 2460 350 2491 B
490 2461 531 2491 14
556 2471 637 2492 mox
661 2461 746 2491 BM:
773 2471 838 2493 nos
863 2462 883 2491 b
1024 2463 1063 2493 15
1089 2461 1229 2503 partius
1255 2462 1287 2501 b,
1313 2461 1511 2502 parficuius
1536 2460 1607 2491 ΒΜ

141 2507 180 2536 16
207 2506 343 2537 uirtute
368 2506 450 2545 ΒΜ,
478 2516 537 2536 em.
563 2507 597 2536 in
622 2507 675 2537 ed.
703 2506 830 2537 Aldina
945 2505 1119 2537 ducentes
1145 2507 1197 2537 ed.
1224 2507 1351 2537 Aldina
1377 2510 1407 2537 et
1433 2514 1454 2540 ς
1561 2507 1638 2538 ueri
1664 2510 1720 2538 est

138 2550 223 2582 BM:
249 2551 389 2582 uariem
414 2552 434 2581 b
529 2552 568 2582 17
596 2561 617 2582 a
642 2551 771 2592 quibus
796 2552 817 2581 b
911 2552 951 2583 18
978 2551 1252 2591 compositionis
1278 2550 1322 2582 ad
1347 2552 1385 2581 b:
1413 2551 1664 2592 compositioni
1690 2552 1720 2583 si

140 2596 184 2627 ad
211 2599 247 2627 te
273 2597 343 2626 BM
453 2597 493 2627 19
519 2596 648 2637 quibus
673 2596 740 2635 Bg:
768 2607 789 2627 a
815 2596 945 2637 quibus
969 2597 1064 2627 BnM
1178 2597 1220 2628 20
1245 2606 1315 2628 non
1341 2596 1436 2627 enim
1461 2596 1529 2626 hac
1554 2597 1574 2627 b
1667 2607 1720 2628 re-

138 2640 416 2682 prehendendus
441 2641 505 2675 Μς
621 2642 663 2672 22
689 2640 780 2672 nihil
807 2641 899 2672 citra
925 2642 945 2672 b
1060 2643 1102 2673 ‘23
1129 2641 1352 2683 proprietate
1380 2641 1569 2672 elaborare
1595 2643 1615 2672 b

140 2684 338 2727 delectare]
366 2686 419 2717 lzie
439 2687 561 2726 finiunt
584 2686 632 2716 Bn
658 2690 689 2717 et
714 2691 808 2717 velus
832 2697 946 2717 manus
971 2688 1004 2718 in
1029 2687 1081 2726 Bg
1106 2688 1138 2718 in
1163 2687 1272 2718 media
1296 2690 1436 2727 uterque
1461 2687 1631 2721 columma:
1654 2697 1719 2727 per

139 2731 224 2763 hanc
244 2736 380 2772 partem
405 2732 423 2761 S
450 2741 579 2773 quoque
604 2733 763 2763 lectiones
788 2733 1029 2773 exscripsimus
1149 2733 1192 2762 24
1216 2731 1353 2762 moueri
1377 2732 1396 2761 S
1510 2733 1552 2763 ‘25
1580 2731 1718 2763 adiuto-

139 2776 188 2808 ris
213 2777 232 2806 S
325 2778 367 2807 26
395 2786 527 2817 augere
553 2777 632 2807 MS:
661 2786 753 2817 auge
780 2777 806 2806 G
922 2778 963 2808 28
989 2777 1191 2818 eloquendo
1217 2777 1294 2810 edd.
1322 2780 1400 2807 nect.
1427 2775 1606 2816 loquendo
1633 2778 1713 2814 GM,

138 2821 323 2862 loquenda
347 2823 378 2862 S,
405 2823 441 2852 in
467 2821 649 2861 loquendo
675 2820 857 2852 Buttmann
972 2821 1088 2853 dulcis
1113 2822 1162 2852 M:
1190 2821 1290 2852 ducis
1317 2822 1370 2851 Gs
1468 2822 1584 2863 magis
1611 2819 1715 2863 quod]

140 2876 208 2907 que
234 2867 253 2897 S
385 2868 427 2898 29
454 2869 492 2897 at
518 2866 611 2897 idem
637 2885 681 2889 —
706 2866 872 2898 locuntur
895 2868 1038 2907 scripsi:
1066 2870 1101 2898 et
1127 2866 1219 2897 idem
1246 2866 1409 2898 homines
1436 2864 1494 2898 ali
1518 2867 1560 2898 de
1587 2877 1624 2898 re
1650 2865 1719 2909 (di-

139 2920 221 2942 cere
246 2911 279 2952 S)
307 2911 511 2943 alloeuntur
538 2910 787 2951 (alloquuntur
804 2911 836 2950 S)
857 2913 922 2949 GS,
950 2915 986 2943 et
1002 2911 1107 2953 ydem
1133 2921 1256 2943 omnes
1282 2911 1409 2943 decere
1436 2911 1652 2953 eloquuntur
1668 2913 1716 2954 M,

141 2958 177 2987 et
200 2955 296 2988 idem
321 2967 444 2989 omnes
471 2957 634 2988 deceret:
661 2960 700 2988 at
724 2957 922 2998 loquuntur
946 2965 967 2991 ς
