1955 3228
66 851 97 875 10

65 1188 95 1214 15

60 1527 93 1554 20

60 1866 92 1893 25

68 1994 70 1996 ’
110 1988 200 2028 fieri
239 1987 430 2041 plurimis
467 1986 616 2042 figuris
654 1986 766 2027 licet.
832 2000 931 2027 nam
977 1987 1019 2026 et
1058 1984 1285 2039 aliquando
1324 1984 1446 2025 nobis
1486 1984 1689 2025 excidisse

60 2204 93 2230 30

737 120 796 149 1v.
839 119 873 162 ι),
905 117 1009 146 733-
1021 117 1073 146 31,
1265 110 1277 117 “
1620 108 1696 149 197

119 226 214 267 est?
270 226 343 266 aut
372 225 471 279 quid
500 224 613 265 inter
641 223 936 277 probationem
968 224 1009 263 et
1046 222 1336 262 narrationem
1374 221 1574 275 interest,
1616 222 1766 264 1113179

118 293 226 348 quod
256 292 443 333 narratio
465 293 529 332 est
547 290 810 345 probationis
833 290 1034 331 continua
1052 289 1298 344 propositio,
1332 304 1473 330 rursus
1504 289 1698 343 probatio

118 361 351 402 narrationi
389 373 625 414 congruens
665 358 958 399 confirmatio?
1023 358 1238 398 uideamus
1284 371 1405 411 ergo,
1453 372 1555 398 num
1593 357 1697 398 11366

118 428 322 482 expositio
352 427 518 482 longior
549 427 714 468 demum
744 426 896 467 debeat
933 439 1022 466 esse
1053 427 1096 466 et
1124 424 1249 478 paulo
1280 424 1494 466 uerbosior
1524 440 1697 480 praepa-

116 497 279 537 ratione
318 498 359 537 et
396 485 643 550 quibusdam
685 493 946 548 argumentis
986 492 1266 547 (argumentis
1305 492 1417 546 dico,
1457 507 1542 533 non
1575 507 1697 547 argu-

116 564 416 619 mentatione),
460 563 525 604 cui
562 564 704 603 tamen
737 561 965 616 plurimum
997 560 1185 601 conferet
1214 560 1412 614 frequens
1444 560 1694 615 adfirmatio,

117 632 335 672 effecturos
366 646 442 673 nos
473 630 581 685 quod
612 630 808 671 dicimus:
840 643 926 669 non
954 642 1077 682 posse
1106 628 1192 668 uim
1213 642 1353 668 rerum
1374 627 1539 668 ostendi
1560 628 1697 682 prima

117 699 400 753 expositione:
440 700 665 753 expectent
699 699 744 738 et
781 697 1000 752 opiniones
1039 710 1136 736 suas
1167 694 1365 735 differant
1396 697 1437 735 et
1466 695 1574 736 bene
1605 710 1695 749 spe-

116 769 223 808 rent.
276 767 454 821 denique
484 766 627 821 utique
658 765 916 806 narrandum
947 765 1024 818 est,
1063 763 1264 818 quidquid
1295 762 1430 816 aliter,
1472 777 1596 816 quam
1629 764 1697 804 ad-
1711 765 1764 805 80

116 834 326 876 uersarius
365 835 575 888 exposuit,
614 833 779 875 narrari
816 834 976 887 potest,
1017 833 1089 872 aut
1119 830 1247 871 etiam
1276 831 1491 885 prooemia
1521 833 1621 872 sunt
1650 832 1696 873 in

114 903 179 943 his
212 903 347 943 causis
379 916 658 956 superuacua:
691 916 796 956 quae
827 900 926 955 quid
956 899 1089 954 magis
1122 901 1277 953 agunt,
1320 913 1445 952 quam
1475 900 1522 939 ut
1554 901 1696 954 cogni-

114 970 220 1011 tioni
250 985 388 1011 rerum
419 969 843 1010 adcommodatiorem
873 967 1055 1009 iudicem
1084 966 1279 1007 faciant?
1330 966 1445 1020 atqui
1485 967 1697 1008 constabit

113 1053 320 1092 nusquam
352 1052 440 1078 esse
472 1052 614 1078 eorum
644 1037 843 1078 maiorem
874 1051 1008 1089 usum,
1042 1049 1170 1089 quam
1189 1034 1261 1075 ubi
1283 1034 1448 1074 animus
1470 1034 1620 1075 iudicis
1643 1036 1695 1075 ab

114 1105 254 1160 aliqua
286 1107 432 1146 contra
462 1119 538 1146 nos
575 1105 705 1146 insita
743 1104 942 1159 opinione
981 1101 1214 1143 flectendus
1254 1104 1330 1143 est.
1390 1102 1693 1144 coniecturales
1709 1104 1759 1145 81

114 1175 254 1214 autem
286 1188 448 1227 causae,
481 1174 526 1214 in
557 1173 705 1227 quibus
737 1173 786 1213 de
816 1172 929 1212 facto
960 1170 1196 1225 quaeritur,
1229 1184 1316 1211 non
1346 1171 1434 1210 tam
1465 1184 1588 1224 saepe
1620 1171 1692 1224 rei,

113 1241 162 1282 de
194 1256 274 1295 qua
303 1241 505 1282 iudicium
536 1243 611 1295 est,
651 1255 777 1295 quam
809 1254 970 1293 eorum,
1010 1253 1085 1292 per
1115 1252 1221 1292 quae
1252 1252 1317 1278 res
1350 1237 1588 1293 colligenda
1619 1241 1694 1292 est,

113 1309 416 1364 expositionem
446 1309 617 1350 habent.
669 1323 774 1363 quae
807 1322 901 1349 cum
924 1308 1143 1348 accusator
1163 1305 1391 1360 suspiciose
1412 1308 1568 1360 narret,
1599 1321 1694 1347 reus

111 1377 253 1418 leuare
284 1377 565 1432 suspicionem
596 1376 761 1429 debeat,
795 1375 917 1416 aliter
948 1375 1000 1416 ab
1022 1374 1101 1416 hoc
1124 1376 1249 1428 atque
1271 1374 1324 1414 ab
1345 1373 1417 1414 illo
1439 1373 1492 1414 ad
1513 1374 1693 1415 iudicem

112 1445 289 1500 perferri
320 1446 498 1499 oportet.
551 1446 595 1485 at
626 1445 738 1485 enim
768 1443 972 1498 quaedam
1004 1444 1256 1497 argumenta
1286 1441 1411 1482 turba
1441 1441 1605 1495 ualent,
1637 1442 1694 1483 di-
1708 1443 1761 1483 82

113 1513 237 1555 ducta
268 1512 427 1554 leuiora
457 1514 570 1553 sunt.
628 1512 671 1552 id
709 1511 875 1566 quidem
913 1525 999 1551 non
1038 1525 1085 1551 eo
1122 1509 1326 1564 pertinet,
1365 1510 1412 1549 ut
1449 1511 1691 1563 quaeratur,

113 1596 167 1622 an
198 1580 474 1634 narrandum,
508 1580 578 1621 sed
618 1594 697 1634 quo
727 1579 848 1620 modo
879 1577 1137 1619 narrandum
1168 1577 1236 1617 sit.
1278 1591 1378 1617 nam
1400 1579 1442 1618 et
1464 1591 1691 1632 congerere

111 1649 233 1703 plura
264 1649 308 1689 in
348 1648 608 1703 expositione
647 1648 746 1702 quid
784 1646 1000 1702 prohibet,
1043 1645 1077 1686 si
1114 1645 1157 1686 id
1194 1645 1296 1686 utile
1335 1646 1398 1686 est
1438 1659 1608 1698 causae,
1651 1648 1692 1686 et

111 1715 387 1770 promittere?
425 1716 496 1757 sed
527 1718 569 1757 et
599 1715 784 1756 diuidere
815 1713 1106 1755 narrationem
1144 1714 1186 1753 et
1216 1713 1488 1767 probationes
1520 1713 1690 1754 subiun-

111 1799 209 1839 gere
240 1783 431 1838 partibus
463 1785 587 1838 atque
618 1783 678 1824 ita
707 1782 888 1824 transire
920 1782 971 1823 ad
1010 1780 1261 1836 sequentia?
1319 1795 1501 1835 namque
1540 1796 1592 1821 ne
1633 1781 1691 1822 eis
1706 1781 1758 1821 83

111 1852 278 1906 quidem
309 1851 480 1905 accedo,
519 1851 590 1906 qui
628 1865 792 1905 semper
830 1865 876 1891 eo
914 1851 1070 1905 putant
1099 1849 1266 1901 ordine,
1306 1862 1387 1902 quo
1418 1848 1517 1902 quid
1549 1850 1690 1889 actum

111 1920 185 1973 sit,
225 1934 312 1960 esse
350 1919 630 1972 narrandum,
671 1918 743 1959 sed
774 1933 821 1959 eo
852 1918 963 1959 malo
993 1931 1188 1970 narrare,
1228 1931 1308 1971 quo
1340 1916 1522 1970 expedit.
1581 1917 1688 1971 quod

111 2055 368 2107 simulamus,
403 2069 496 2096 cum
527 2054 625 2109 quid
655 2054 822 2095 utiliore
853 2054 944 2095 loco
965 2052 1215 2106 reducimus,
1249 2054 1290 2093 et
1309 2052 1481 2093 interim
1502 2067 1578 2092 nos
1600 2053 1689 2093 red-

111 2123 270 2163 dituros
301 2122 475 2163 relicum
505 2122 695 2163 ordinem
724 2123 953 2175 testamur,
994 2120 1091 2175 quia
1123 2120 1183 2161 sic
1212 2120 1356 2161 futura
1387 2120 1443 2160 sit
1474 2134 1599 2160 causa
1630 2120 1688 2160 lu-

113 2190 260 2231 cidior:
291 2190 463 2231 interim
493 2204 537 2231 re
569 2189 758 2244 exposita
788 2189 1083 2243 subiungimus
1116 2202 1276 2241 causas,
1317 2202 1423 2242 quae
1455 2190 1756 2231 antecesse-84

198 2319 218 2347 4
245 2316 424 2358 expositio
447 2316 538 2347 11366
564 2315 586 2348 l,
614 2315 645 2346 d.
673 2326 750 2347 esse
778 2315 910 2346 debeat
936 2316 961 2345 B
1060 2314 1300 2355 praepatione
1326 2314 1378 2353 Bg
1404 2316 1473 2344 1711.
1590 2316 1609 2343 Γ)
1636 2325 1685 2345 ar-

110 2363 290 2403 gumentis
316 2361 541 2403 argumentis
566 2362 594 2391 A
619 2365 651 2392 et
677 2362 821 2392 Aldina:
854 2360 1077 2401 argumentis
1101 2362 1201 2391 semel
1223 2361 1324 2393 codd.
1348 2362 1421 2392 rell.
1558 2360 1577 2389 6
1604 2369 1687 2389 cou-

112 2408 204 2438 feret
229 2408 273 2437 A:
303 2406 449 2437 confert
468 2406 523 2441 Βς
616 2407 633 2436 7
660 2405 851 2437 didicimus
876 2406 912 2445 B,
938 2405 1098 2436 dicemus
1124 2404 1247 2446 Regias
1350 2405 1369 2434 8
1395 2404 1563 2444 opinione
1591 2404 1686 2444 A¹('.²)

200 2454 219 2483 9
244 2451 372 2483 deinde
397 2452 417 2481 b
511 2450 680 2491 quicquid
705 2451 734 2480 A
826 2452 866 2482 10
892 2452 955 2481 aut
978 2451 1050 2481 Ab:
1077 2452 1138 2481 ant
1164 2460 1205 2480 eo
1230 2450 1256 2480 B
1350 2450 1388 2480 11
1417 2449 1577 2489 cognitio
1595 2449 1620 2479 B

113 2498 151 2528 12
179 2497 277 2538 atqui
302 2497 382 2527 AB:
409 2499 518 2536 atque
542 2497 563 2526 b
589 2500 621 2526 et
646 2496 768 2536 Regius
893 2495 1075 2527 const-anit
1099 2496 1150 2534 Bg
1176 2497 1246 2526 Im.
1274 2497 1417 2525 constat
1440 2494 1562 2535 Reyz‘ns
1588 2493 1686 2533 (con-

111 2542 223 2573 stabit
248 2543 336 2573 zmlet
360 2542 444 2572 idem
469 2542 558 2582 quod
581 2551 650 2571 non
676 2541 884 2579 negabitur)
1016 2541 1056 2572 18
1083 2540 1127 2571 ad
1153 2541 1291 2571 iudicem
1315 2539 1469 2580 perferri
1494 2543 1628 2578 oportet
1653 2544 1687 2569 αι

112 2588 205 2618 6111111
230 2587 259 2617 Α
352 2588 391 2617 19
417 2586 563 2617 turbare
588 2587 608 2616 b
724 2587 761 2616 21
791 2585 855 2617 sed
879 2601 921 2603 —
946 2585 1164 2617 narrandum
1189 2586 1263 2615 Ab:
1291 2595 1349 2615 om.
1375 2584 1400 2614 B
1516 2585 1557 2614 22
1582 2583 1687 2624 plura

111 2632 148 2662 in
172 2632 215 2662 A:
243 2631 347 2672 plura
371 2633 410 2672 B,
437 2631 591 2672 plurima
615 2631 674 2661 FT
782 2631 863 2671 quid
890 2631 1061 2663 Stoerz‘ns:
1089 2632 1168 2671 quis
1193 2629 1273 2667 AB3
1300 2629 1346 2668 cf.
1374 2630 1494 2661 Heius.
1519 2630 1566 2659 ad
1591 2628 1686 2662 Ouid.

113 2677 268 2713 Her.10‚
288 2679 329 2708 525
421 2678 463 2708 23
490 2675 717 2718 probationis
742 2675 782 2705 A¹
877 2677 918 2707 ‘34
943 2686 1096 2716 namque
1123 2675 1202 2705 AB:
1230 2684 1311 2704 nam
1337 2675 1357 2704 b
1451 2674 1503 2704 eis
1529 2675 1565 2704 b:
1594 2674 1622 2705 is
1646 2675 1684 2713 B,

111 2721 166 2752 his
191 2722 220 2752 A
318 2723 359 2753 25
385 2724 489 2763 putat
513 2722 539 2752 B
654 2721 695 2750 26
722 2720 815 2751 malo
840 2721 912 2752 Ab:
940 2721 1042 2751 modo
1068 2721 1093 2750 B
1209 2729 1358 2749 narrare
1385 2720 1448 2749 del.
1475 2719 1617 2754 Badius,
1644 2730 1685 2750 an

112 2768 273 2797 narrari?
367 2777 433 2808 quo
458 2767 503 2797 A:
531 2765 622 2807 quod
647 2766 672 2796 B
787 2767 827 2797 27
854 2767 958 2797 nobis
983 2766 1011 2796 A
1037 2770 1068 2796 et
1098 2765 1216 2795 Victor
1239 2775 1272 2804 p.
1293 2766 1371 2802 420,
1392 2766 1453 2794 25:
1479 2774 1537 2796 om.
1565 2764 1590 2793 B

112 2812 153 2842 28
178 2811 389 2843 *uincimus
414 2813 441 2842 A
534 2811 736 2842 reddituros
761 2811 789 2840 A
815 2816 846 2842 et
869 2812 1004 2842 Victor:
1032 2809 1242 2840 reducturos
1259 2809 1283 2838 B
1377 2810 1418 2840 29
1443 2808 1593 2839 relicum
1610 2807 1684 2847 AB,

111 2856 172 2886 sed
194 2856 223 2886 A
246 2857 279 2888 in
303 2867 373 2891 ras.
407 2856 583 2897 reliquum
616 2857 689 2887 cml.
722 2856 887 2895 Victoris,
920 2855 1087 2887 relictum
1112 2855 1238 2885 Aldina
1271 2853 1349 2893 (nos
1375 2854 1568 2885 relicturos
1595 2853 1686 2885 ordi-

84 2894 87 2900 '
114 2909 192 2930 nem
220 2901 349 2942 Zumpt)
480 2902 566 2942 quia
590 2900 664 2932 Ab:
691 2911 752 2932 om.
779 2901 804 2930 B
919 2901 970 2932 sic
996 2900 1115 2931 futura
1140 2899 1192 2931 sic
1217 2899 1237 2929 b
1374 2900 1416 2931 30
1442 2899 1585 2930 interim
1610 2899 1682 2930 Ab:

112 2944 200 2976 inB
