1939 3228
752 174 814 202 XI.
863 171 902 214 3,
932 168 1104 199 70—81.
1642 150 1724 192 295

139 281 277 335 asperi
309 280 435 320 fiunt:
473 292 601 331 quae,
641 277 688 316 ut
718 277 839 316 actus
870 271 1132 328 poposcerit,
1172 270 1403 324 fingentur.
1465 265 1592 320 rigidi
1624 264 1791 304 001076

138 351 180 390 et
211 347 370 389 extenti
405 348 484 387 *aut
523 343 714 399 languidi
753 344 795 383 et
832 342 1050 395 torpentes
1090 340 1163 379 aut
1202 338 1423 390 stupentes
1471 335 1545 374 aut
1574 331 1723 372 lasciui

139 419 182 458 et
211 415 386 456 mobiles
418 415 459 455 et
489 414 689 453 natantes
721 412 763 451 et
793 409 975 464 quadam
1007 407 1223 460 uoluptate
1255 403 1401 445 suffusi
1441 402 1513 442 aut
1546 399 1636 440 limi
1667 400 1722 452 et,

139 486 185 525 ut
215 484 275 524 sic
306 483 462 535 dicam,
503 479 684 529 uenerii,
726 479 799 518 aut
830 477 1051 531 poscentes
1084 473 1242 527 aliquid
1274 470 1575 525 pollicentesue
1607 482 1725 507 1111111-

106 566 120 589 ῑ,
140 566 264 605 quam
296 565 385 591 esse
417 549 644 590 debebunt.
705 560 806 586 nani
837 546 1004 599 opertos
1037 553 1349 595 compressosue
1382 552 1451 578 eos
1480 537 1525 577 in
1547 534 1724 576 dicendo

92 904 121 929 10

93 1241 123 1266 15

93 1580 125 1604 20

93 1918 125 1943 ‘25

139 619 231 673 quis
262 616 345 659 nisi
376 618 503 671 plane
534 615 648 656 rudis
679 616 751 654 aut
781 612 934 653 stultus
965 608 1152 651 habeat?
1193 609 1235 648 et
1267 606 1317 647 ad
1348 605 1453 646 haec
1484 603 1627 644 omnia
1658 617 1724 643 ex·
1741 603 1791 643 77

142 685 363 740 primenda
394 685 439 725 in
471 682 685 738 palpebris
718 681 845 722 etiam
877 681 918 720 et
950 679 993 719 in
1025 677 1147 733 genis
1170 677 1233 716 est
1255 672 1463 728 quoddam
1484 670 1724 712 deseruiens¹

140 755 190 795 iis
228 751 524 794 ministerium.
586 750 764 791 multum
803 750 845 789 et
883 745 1119 801 superciliis
1158 743 1320 798 agitur:
1366 755 1465 781 nam
1505 741 1547 779 et
1584 737 1725 779 oculos
1741 738 1793 777 78

140 822 328 863 formant
358 819 626 874 aliquatenus
657 819 698 858 et
728 816 861 857 fronti
892 814 1118 868 imperant.
1180 810 1245 851 his
1279 807 1558 859 contrahitur,
1600 805 1725 846 attol-

141 889 254 940 litur,
287 887 532 940 remittitur,
566 887 613 926 ut
643 899 727 925 una
757 898 823 924 res
854 883 898 923 in
930 896 979 923 ea
1010 881 1104 935 plus
1136 879 1297 931 ualeat,
1331 875 1505 930 sanguis
1537 873 1621 926 1110,
1656 872 1723 926 qui

141 955 295 997 inentis
325 954 476 995 habitu
506 954 700 994 mouetur
731 953 793 1005 et,
837 965 930 991 cum
960 948 1173 989 infirmam
1204 944 1459 986 uerecundia
1491 943 1629 983 cutem
1661 955 1726 980 ac-

143 1023 265 1078 cipit,
305 1021 535 1063 effunditur
565 1020 610 1060 in
641 1019 856 1072 ruborem,
898 1032 991 1058 cum
1031 1017 1147 1056 metu
1178 1013 1356 1068 refugit,
1398 1011 1488 1051 abit
1518 1008 1654 1050 omnis
1687 1010 1728 1048 et

142 1091 300 1145 pallore
338 1089 552 1144 frigescit:
591 1088 853 1142 temperatus
892 1084 1076 1125 medium
1114 1081 1323 1137 quoddam
1355 1093 1545 1120 serenum
1581 1076 1724 1117 efficit.

142 1159 291 1200 uitium
320 1159 366 1198 in
405 1155 662 1211 superciliis,
702 1154 737 1195 si
776 1155 849 1194 aut
884 1153 1048 1193 inmota
1089 1152 1189 1192 sunt
1226 1149 1399 1190 omnino
1439 1148 1512 1187 aut
1550 1143 1727 1185 nimium
1743 1144 1795 1184 79

143 1225 315 1267 mobilia
347 1227 419 1266 aut
449 1223 768 1278 inaequalitate,
810 1223 857 1262 ut
887 1220 1009 1261 modo
1040 1219 1089 1260 (10
1120 1232 1300 1273 persona
1333 1215 1491 1256 comica
1523 1213 1725 1265 dixeram,

143 1294 348 1335 dissident
379 1294 451 1333 aut
482 1293 630 1333 contra
659 1290 701 1331 id
733 1289 842 1344 quod
874 1288 1051 1329 dicimus
1088 1286 1332 1340 finguntur:
1377 1283 1440 1323 ira
1479 1281 1592 1322 enim
1632 1294 1727 1320 con-

143 1361 307 1415 tractis,
339 1359 516 1401 tristitia
547 1358 751 1411 deductis,
785 1356 979 1398 hilaritas
1010 1353 1196 1395 remissis
1218 1351 1467 1393 ostenditur.
1517 1347 1728 1389 adnuendi

144 1443 307 1485 quoque
339 1430 380 1469 et
410 1426 615 1469 renuendi
645 1426 811 1466 ratione
842 1424 1124 1465 demittuntur
1155 1422 1229 1461 aut
1259 1419 1521 1460 adleuantur.
1555 1415 1729 1457 naribus
1745 1417 1797 1457 80

143 1497 356 1551 labrisque
388 1511 476 1537 non
496 1495 584 1536 fere
607 1494 831 1548 quicquam
853 1492 1050 1533 decenter
1071 1488 1345 1541 ostendimus,
1377 1485 1547 1527 tametsi
1569 1483 1728 1525 derisus

145 1566 209 1619 iis,
243 1566 524 1618 contemptus,
558 1561 777 1602 fastidium
808 1558 1041 1614 significari
1073 1557 1192 1598 solet.
1241 1570 1341 1596 nam
1373 1556 1414 1595 et
1446 1565 1728 1606 corrugare

146 1648 322 1686 nares,
357 1634 403 1673 ut
434 1630 636 1672 Horatius
669 1629 742 1683 ait,
776 1630 817 1670 et
844 1627 994 1668 inflare
1024 1627 1065 1666 et
1086 1638 1253 1665 mouere
1276 1626 1319 1664 et
1339 1622 1473 1677 digito
1494 1619 1728 1675 inquietare

145 1704 187 1742 et
216 1700 384 1755 inpulso
415 1699 553 1740 subito
584 1698 736 1752 spiritu
767 1698 962 1737 excutere
1003 1695 1044 1734 et
1082 1692 1276 1733 diducere
1315 1690 1481 1744 saepius
1521 1690 1562 1729 et
1601 1687 1730 1741 plana

145 1784 274 1810 manu
304 1766 551 1821 resupinare
581 1766 826 1806 indecorum
858 1765 934 1816 est,
969 1777 1063 1803 curn
1085 1759 1298 1802 emunctio
1321 1758 1448 1799 etiam
1470 1754 1731 1810 frequentior

145 1851 230 1878 non
263 1836 353 1876 sine
386 1849 512 1876 causa
542 1834 834 1888 reprendatur.
883 1831 1002 1872 labra
1033 1831 1075 1870 et
1104 1827 1380 1883 porriguntur
1410 1824 1518 1865 male
1550 1826 1592 1864 et
1623 1822 1795 1864 scin-Sl

146 1905 303 1945 duntur
334 1905 376 1944 et
406 1902 732 1956 adstringuntur
771 1902 812 1941 et
851 1898 1107 1939 diducuntur
1145 1898 1186 1936 et
1225 1895 1372 1936 dentes
1412 1892 1577 1933 nudant
1614 1893 1657 1931 et
1687 1890 1726 1930 in

145 1973 256 2014 latus
288 1986 336 2012 ac
366 1984 501 2025 paene
534 1969 585 2010 ad
617 1983 759 2010 aurem
789 1966 1018 2008 trahuntur
1049 1967 1091 2006 et
1121 1963 1238 2005 uelut
1259 1962 1439 2017 quodam
1468 1959 1640 2001 fastidio
1670 1972 1731 1999 rc-

146 2040 361 2094 plicantur
392 2040 435 2079 et
464 2037 652 2092 pendent
691 2038 732 2078 et
770 2049 915 2077 uocem
955 2035 1123 2075 tantum
1162 2031 1296 2072 altera
1334 2030 1455 2084 parte
1494 2027 1728 2068 dimittunt.

1710 2108 1728 2116 x

237 2190 291 2222 21.
318 2188 385 2229 Ep.
414 2189 443 2229 1,
472 2189 502 2228 5,
529 2188 583 2219 ⁶23.

242 2326 257 2355 1
284 2327 323 2355 ut
351 2333 435 2355 acus
460 2325 481 2354 b
574 2324 593 2353 2
621 2322 735 2354 exerti
759 2321 845 2352 coni.
871 2319 1037 2360 Spalding]
1132 2319 1194 2348 aut
1219 2317 1409 2356 stupentes
1435 2324 1496 2345 om.
1523 2313 1576 2346 ed.
1594 2312 1730 2345 Jenson,

241 2369 334 2400 lasci
358 2370 378 2399 b
494 2369 514 2400 3
541 2371 577 2399 et
604 2370 677 2398 nat.
703 2367 787 2399 BM:
817 2368 880 2396 aut
905 2368 981 2398 nat,
1008 2372 1028 2398 ς
1131 2361 1321 2402 uoluptate
1347 2361 1384 2390 b:
1413 2358 1577 2390 uolutate
1603 2357 1640 2396 Β,
1668 2367 1731 2388 110-

149 2415 288 2446 luntate
315 2415 350 2443 M
375 2419 408 2445 el
433 2415 501 2445 alia
525 2424 565 2445 m.
591 2414 623 2443 in
648 2413 700 2451 Bg
815 2412 836 2442 4
861 2409 1011 2441 uenerei
1037 2418 1056 2442 ς
1165 2406 1386 2449 pollicentes
1412 2403 1597 2435 debebunt
1621 2403 1641 2432 b

149 2462 169 2493 5
194 2462 342 2501 opertus
367 2460 387 2489 b
504 2459 521 2489 7
549 2460 585 2488 ct
609 2458 712 2499 genis
737 2457 757 2487 5
857 2455 930 2486 des.
958 2455 1002 2485 iis
1028 2454 1069 2483 B:
1099 2451 1344 2484 deseruientis
1369 2451 1414 2489 M,
1442 2447 1686 2479 deseruiensis
1711 2448 1730 2477 b

243 2506 281 2536 10
307 2504 505 2535 remittitur
532 2503 728 2534 (iernhard:
755 2501 933 2532 emittitur
957 2500 992 2535 B,
1021 2502 1057 2530 et
1085 2497 1260 2529 emittitur
1285 2496 1335 2530 Μ,
1361 2494 1567 2525 demittitur
1593 2493 1734 2533 Regius:

149 2551 195 2589 ef.
226 2551 399 2582 Fertnnat.
421 2552 454 2586 3,
475 2550 518 2579 21
542 2559 575 2589 p.
598 2550 679 2585 133,
702 2548 744 2577 13
841 2548 875 2576 ll
906 2544 1047 2576 infirma
1071 2544 1091 2574 b
1187 2541 1319 2582 accipit
1344 2540 1429 2569 BM:
1459 2538 1602 2579 accepit
1627 2538 1647 2567 b

152 2598 191 2628 13
219 2595 340 2636 apollo
368 2593 577 2635 refrigescit
601 2594 621 2623 b
716 2591 869 2632 quodam
896 2591 915 2621 b
1012 2590 1051 2620 14
1078 2591 1139 2619 aut
1163 2589 1201 2618 b:
1228 2589 1290 2617 aut
1316 2588 1355 2616 ut
1379 2585 1449 2615 ΒΜ
1526 2583 1669 2614 omnino
1687 2582 1730 2612 B:

152 2641 270 2671 animo
296 2641 340 2679 M,
368 2650 491 2670 somno
516 2640 536 2669 b
632 2638 671 2668 15
698 2636 965 2677 inaequalitate
992 2635 1077 2664 BM:
1104 2631 1315 2672 inaequalia
1340 2631 1378 2669 b;
1410 2630 1493 2660 illud
1511 2630 1624 2668 firmat
1649 2627 1732 2658 For-

151 2687 344 2717 maurianus
363 2687 395 2719 3,
414 2686 458 2715 21
482 2695 515 2725 p.
536 2685 619 2722 133,
642 2685 681 2713 15
775 2684 813 2712 ut
837 2692 897 2713 om.
917 2681 936 2711 b
1034 2680 1071 2710 17
1104 2677 1260 2708 diductis
1285 2675 1475 2706 hilaritate
1494 2675 1514 2704 b
1610 2674 1649 2704 18
1675 2683 1730 2703 ra-

152 2732 249 2762 tione
275 2731 313 2761 b:
340 2730 529 2761 uoraliene
554 2729 591 2767 B,
620 2727 854 2758 ueneratione
880 2727 914 2755 M
1030 2724 1260 2755 dimittuntur
1284 2721 1321 2757 Β,
1351 2720 1511 2750 ‹limittur
1536 2719 1582 2756 M,
1611 2717 1726 2748 remit

151 2779 273 2807 tantur
296 2777 316 2806 b
435 2774 720 2806 lssdeeedentcr
744 2773 764 2802 b
858 2771 998 2802 derisus
1025 2769 1068 2800 iis
1097 2768 1258 2799 Obrecht:
1285 2765 1419 2797 derisui
1443 2765 1522 2804 ΒΜ,
1550 2762 1687 2794 derisui
1711 2764 1731 2792 b

241 2822 279 2851 ‘21
308 2821 446 2851 oratius
472 2820 564 2859 BgM
657 2818 839 2858 inquitare
864 2817 889 2846 B
982 2816 1023 2845 22
1052 2813 1193 2855 inpulso
1219 2813 1261 2842 B:
1292 2810 1446 2851 impulsu
1464 2810 1510 2848 M,
1538 2807 1641 2850 pulso
1666 2809 1686 2838 b

153 2865 331 2896 deducere
357 2866 425 2895 BM
519 2868 555 2896 et
581 2874 623 2895 ex
650 2863 761 2904 plana
787 2872 830 2892 m.
858 2870 1030 2892 resonare
1056 2860 1075 2889 b
1186 2858 1226 2888 ‘23
1255 2855 1442 2887 0010110010
1468 2855 1493 2885 Β
1608 2854 1652 2884 24
1677 2863 1731 2884 re-

152 2910 378 2951 prehendant
394 2911 428 2940 M
520 2909 647 2940 labrae
673 2908 879 2950 porrigatur
895 2907 915 2936 b
1009 2906 1050 2936 25
1076 2904 1304 2944 stringuntur
1322 2902 1356 2931 M
1449 2899 1677 2931 deducuntur
1693 2899 1730 2936 B,

154 2956 332 2986 ducuntur
357 2956 390 2985 M
482 2956 524 2986 ‘3⁴3
550 2954 657 2995 plene
683 2954 734 2993 Bg
758 2964 848 2985 corr.
875 2962 920 2983 (w
945 2961 1048 2992 pene,
1074 2951 1149 2981 ilem
1174 2948 1267 2988 infra
1292 2947 1309 2986 g
1336 2948 1377 2978 85
1472 2943 1651 2986 quoddam
1669 2944 1731 2974 Mb

244 3002 285 3033 2¹7
312 3000 473 3043 pendunt
498 3010 625 3032 uocem
651 3000 671 3030 b
