1939 3228
773 108 836 138 v1.
891 106 922 150 1,
944 105 987 136 42
1004 123 1043 127 —
1062 105 1116 138 54.
1187 88 1190 89 ⁷
1663 100 1745 142 301

14 169 77 285 Ξ
116 207 286 249 ‘subito
317 220 368 247 ex
398 207 609 249 subselliis
648 210 696 249 ut
733 210 908 251 territus
946 210 1062 266 fugit
1100 213 1143 252 et
1181 211 1320 267 capite
1359 227 1409 253 ex
1439 215 1562 267 parte
1593 213 1746 268 uelato,

33 275 49 282 ”
136 273 241 316 ‘cum
272 274 324 315 ad
361 275 607 330 †agendun1
647 290 697 317 ex
727 277 854 318 turba
884 279 1194 334 prospexisset,
1235 280 1541 335 interrogauit,
1576 296 1632 322 an
1663 281 1747 322 iam

30 393 34 398 .
145 342 215 383 ille
247 357 342 387 eum
373 342 515 397 gladio
546 344 821 386 recessisset?
879 346 984 387 fecit
1014 348 1128 388 enim
1148 348 1294 402 risum,
1327 349 1400 390 sed
1421 349 1623 390 ridiculus
1650 349 1744 390 fuit.

145 410 436 452 discutiendae
466 413 612 453 tamen
633 413 825 454 oratione
847 413 1051 456 eiusmodi
1080 430 1272 470 scaenae,
1307 417 1562 471 egregieque
1584 416 1744 472 Cicero,
1761 419 1816 459 49

18 479 51 521 ἔ,
110 494 127 520 5
146 478 214 533 qui
254 481 403 520 contra
439 479 674 535 imaginem
706 480 929 523 Saturnini
959 497 1036 537 pro
1073 483 1249 525 Rabirio
1287 484 1480 538 grauiter
1518 487 1561 526 et
1600 488 1748 526 contra

16 528 63 640 ⁴}-
143 547 354 601 iuuenem,
389 548 505 589 cuius
537 549 717 590 subinde
747 549 902 591 uulnus
939 551 985 592 in
1016 551 1170 593 iudicio
1201 551 1515 606 resoluebatur,
1555 568 1632 607 pro
1663 553 1747 595 Va-

15 635 41 680 3;
143 628 245 656 reno
276 615 411 656 multa
441 615 550 657 dixit
579 617 756 660 urbane.

17 683 51 730 ἶξ
262 682 371 725 Sunt
401 686 445 725 et
474 684 537 726 illi
567 685 750 727 leniores
781 686 953 742 epilogi,
985 687 1136 742 quibus
1168 688 1411 730 aduersario
1443 689 1744 743 satisfacimus,
1760 691 1816 731 50

17 743 30 762 ⁷²
143 756 179 793 si
213 751 324 793 forte
363 746 420 794 sit
450 753 540 794 eius
578 768 761 807 persona
799 755 919 808 talis,
961 758 1007 796 ut
1038 756 1100 796 illi
1131 756 1335 798 debeatur
1374 758 1635 812 reuerentia,
1676 761 1748 799 aut

19 808 43 856 {⁵
96 836 126 860 ιο
146 834 240 861 cum
280 820 414 861 amice
454 820 615 876 aliquid
654 837 967 865 commonemus
1013 827 1056 865 et
1098 825 1151 865 ad
1198 825 1465 866 concordiam
1511 826 1744 867 hortamur.

50 885 61 888 ”
144 889 254 943 quod
286 891 349 930 est
379 903 515 944 genus
547 891 719 946 egregie
750 893 981 935 tractatum
1013 907 1037 933 a
1068 892 1294 946 Passieno,
1337 909 1430 935 cum
1462 899 1500 935 2'21
1533 893 1746 936 Domitiae

143 957 285 998 uxoris
322 972 421 999 suae
459 959 707 1013 pecuniaria
744 959 820 1001 lite
859 960 1060 1002 aduersus
1098 961 1277 1002 fratrem
1315 963 1404 1003 eius
1443 963 1746 1004 Aenobarbum

135 1028 312 1083 ageret:
356 1041 457 1066 nam
498 1042 592 1068 cum
630 1027 680 1068 de
718 1028 1032 1070 necessitudine
1069 1029 1203 1070 multa
1241 1030 1437 1084 dixisset,
1486 1031 1536 1071 de
1573 1031 1747 1072 fortuna

143 1108 329 1148 quoque,
370 1109 452 1148 qua
491 1096 668 1150 uterque
707 1096 973 1151 abundabat,
1014 1098 1188 1140 adiecit:
1228 1098 1365 1139 nihil
1396 1099 1545 1140 uobis
1577 1100 1745 1140 minus

94 1177 125 1202 15
144 1162 313 1217 deest,
347 1177 494 1217 quam
526 1164 582 1205 de
614 1179 710 1219 quo
742 1165 1085 1207 contenditis.

259 1230 409 1271 Omnis
441 1234 584 1273 autem
614 1232 691 1274 hos
723 1233 938 1287 adfectus,
980 1235 1145 1275 etiamsi
1187 1235 1440 1289 quibusdam
1471 1236 1670 1277 uidentur
1700 1237 1810 1278 11151.

143 1299 357 1353 prooemio
396 1301 521 1354 atque
560 1300 605 1341 in
644 1302 812 1357 epilogo
852 1302 993 1343 sedem
1033 1302 1210 1357 habere,
1251 1304 1295 1344 in
1336 1304 1487 1359 quibus
1525 1319 1627 1345 sane
1659 1306 1747 1346 sint

142 1367 490 1422 frequentissimi,
523 1371 669 1410 tamen
702 1371 810 1411 aliae
842 1385 1006 1425 quoque
1038 1373 1180 1425 partes
1212 1373 1444 1426 recipiunt,
1479 1373 1549 1413 sed
1584 1373 1745 1414 breuio-

143 1449 223 1489 res,
256 1437 304 1476 ut
335 1450 430 1477 cum
460 1451 511 1478 ex
541 1437 592 1478 iis
624 1439 808 1493 plurima
839 1440 926 1480 sint
957 1441 1228 1481 reseruanda.
1292 1443 1335 1481 at
1366 1441 1449 1495 hic,
1484 1442 1517 1482 si
1550 1457 1742 1497 usquam,

0 1503 71 1560 ,ΤΥ
93 1518 126 1544 20
142 1506 255 1545 totos
287 1504 554 1559 eloquentiae
587 1507 750 1560 aperire
780 1508 921 1549 fontes
953 1508 1066 1550 licet.
1128 1524 1229 1550 nam
1262 1511 1323 1563 et,
1358 1510 1392 1550 si
1427 1510 1531 1551 bene
1564 1510 1745 1552 diximus
1759 1514 1814 1553 52

30 1564 61 1588 ’ἶ
143 1572 318 1627 reliqua,
351 1573 659 1626 possidebimus
690 1575 773 1616 iam
806 1576 991 1617 iudicum
1013 1577 1191 1631 animos,
1226 1579 1267 1618 et
1288 1592 1308 1618 e
1332 1578 1596 1633 confragosis
1619 1581 1745 1634 atque

144 1642 303 1696 asperis
335 1641 471 1683 euecti
501 1644 592 1683 tota
623 1646 810 1697 pandere
841 1659 1064 1699 possumus
1095 1646 1210 1699 uela,
1251 1648 1313 1700 et,
1349 1661 1442 1687 cum
1474 1647 1529 1687 sit
1560 1648 1745 1689 maxima

143 1724 240 1763 pars
271 1709 429 1764 epilogi
460 1711 749 1767 amplificatio,
782 1713 923 1754 uerbis
955 1716 1080 1769 atque
1111 1714 1337 1755 sententiis
1369 1715 1430 1756 uti
1462 1715 1560 1757 licet
1580 1717 1743 1771 magni-

106 1822 117 1827 f
143 1777 232 1818 ficis
265 1780 306 1819 et
337 1778 514 1820 ornatis.
576 1781 679 1821 tunc
711 1783 775 1822 est
807 1782 1157 1823 commouendum
1187 1783 1418 1837 theatrum,
1453 1798 1548 1825 cum
1569 1786 1743 1826 uentum

39 1854 52 1869 ³
93 1859 126 1884 25
143 1848 208 1888 est
237 1846 290 1888 ad
321 1846 460 1901 ipsum
490 1847 608 1903 illud,
642 1863 724 1904 quo
754 1852 921 1892 ueteres
951 1851 1195 1906 tragoediae
1225 1851 1548 1907 comoediaeque
1571 1853 1744 1894 cludun-

112 1939 115 1941 -
141 1916 224 1969 tur,
256 1914 430 1970 plodite.
1793 1918 1824 1937 ‘⁸

254 1982 305 2024 In
338 1983 432 2024 aliis
464 1986 605 2026 autem
637 1986 831 2040 partibus
861 1988 1110 2029 tractandus
1139 1988 1219 2030 erit
1251 1988 1457 2043 adfectuS,
1490 1991 1537 2030 ut
1567 1990 1744 2045 quisque
1757 1992 1811 2033 53

143 2053 361 2093 nascetur:
392 2067 494 2093 nam
524 2068 661 2108 neque
692 2055 846 2109 exponi
877 2056 969 2097 sine
999 2056 1079 2098 hoc
1110 2072 1176 2098 res
1214 2060 1376 2098 atroces
1408 2060 1449 2098 ct
1481 2058 1743 2099 miserabiles

145 2120 314 2174 debent,
348 2129 385 2161 el
417 2136 511 2162 cum
543 2121 593 2163 de
625 2123 831 2177 qualitate
862 2124 1039 2166 alicuius
1071 2126 1132 2166 rei
1161 2126 1351 2180 quaestio
1373 2128 1450 2179 est,
1484 2126 1744 2180 probationi—

59 2200 61 2202 ·
95 2201 126 2226 30
144 2187 219 2229 bus
257 2188 587 2244 uniuscuiusque
624 2192 686 2232 rei
727 2194 840 2232 recte
879 2193 1164 2248 subiungitur.
1227 2194 1299 2234 ubi
1330 2208 1430 2235 uero
1471 2194 1743 2236 coniunctam
1756 2197 1812 2237 54

43 983 65 1155 .χ,1,

18 882 43 1511 ,Ἲ-υ-ιῳ-Μ-ῳ-φᾳᾳῆᾸ-ι-Ὕκαῖψκψιῃ·
20 859 30 873 ἢ

47 1489 54 1492 ι
52 1464 54 1466 ⁴
35 1444 40 1448 “
43 1416 45 1418 ·
37 1379 51 1398 ’1
40 1359 45 1362 ’
35 1295 58 1307 ’,
49 1263 54 1268 .

233 2283 264 2315 5.
292 2293 325 2323 p.
352 2282 444 2314 Rab.
471 2283 571 2324 perd.
596 2294 658 2316 reo
685 2295 714 2315 e.
742 2286 772 2317 9.

235 2363 251 2392 1
279 2362 462 2394 subselliis
486 2362 515 2392 A
631 2363 723 2405 fugit
751 2368 786 2396 et
811 2365 851 2405 A,
878 2365 1013 2407 fugitet
1037 2368 1068 2406 S,
1096 2366 1216 2408 fugiet
1243 2367 1312 2398 GM
1439 2369 1457 2398 2
1486 2366 1530 2398 ad
1558 2367 1739 2410 agendum

144 2406 237 2442 lffiri:
264 2407 309 2438 ad
336 2412 490 2449 agentes
516 2408 588 2448 (uel
612 2409 696 2450 quid
724 2409 911 2453 ageretur)
938 2412 1073 2453 Ifeqizzs,
1102 2413 1147 2443 ad
1173 2418 1344 2453 agentem
1372 2414 1441 2451 alii,
1468 2424 1511 2444 (m
1539 2413 1582 2443 ad
1608 2424 1740 2454 sugge-

145 2453 260 2483 stum?
354 2455 374 2485 3
400 2453 463 2484 sed
489 2453 666 2485 ridiculus
689 2456 719 2485 A
743 2457 775 2486 in
802 2467 872 2488 ras.
967 2459 987 2488 4
1013 2467 1146 2502 scenae
1173 2458 1216 2488 G:
1244 2468 1375 2489 scenae
1402 2459 1505 2498 msa,
1535 2469 1649 2489 cenae
1667 2460 1696 2488 A

145 2497 164 2527 6
189 2497 438 2530 resoluebatur
461 2510 526 2540 pro
551 2500 581 2530 A
696 2502 714 2532 7
741 2501 814 2532 dixi
840 2502 994 2533 turbane
1021 2502 1057 2542 G,
1086 2505 1172 2534 unde
1198 2507 1230 2533 in
1257 2505 1281 2533 Τ
1308 2503 1381 2534 dixi
1409 2504 1556 2534 turbate
1663 2505 1682 2535 9
1709 2504 1740 2534 si

145 2543 223 2574 add.
248 2543 374 2584 Regius
478 2553 632 2576 reueren
656 2544 697 2575 A¹
817 2550 880 2578 aut
904 2548 934 2578 A
958 2549 990 2579 in
1015 2559 1085 2580 ras.
1206 2550 1246 2579 10
1272 2548 1418 2589 aliquod
1446 2549 1472 2579 G
1591 2550 1627 2579 11
1657 2559 1738 2590 pas-

145 2587 270 2620 siaeno
294 2588 335 2619 A·
431 2590 468 2620 in
494 2591 629 2622 addidit
654 2591 778 2632 lieyz'ns
874 2594 912 2623 12
938 2595 1145 2635 pecuniaria
1171 2595 1231 2624 lite
1258 2594 1287 2624 A
1381 2592 1490 2625 aclugs
1517 2591 1596 2634 (sie)
1623 2594 1649 2625 G

148 2633 187 2663 14
211 2643 281 2674 qua
305 2643 343 2668 a:
370 2644 431 2668 om.
456 2634 592 2667 AGMS
685 2636 926 2669 habundabat
950 2639 1057 2670 AGM
1152 2640 1192 2670 16
1219 2649 1342 2671 omnes
1369 2639 1495 2673 GMSs
1602 2642 1641 2671 17
1667 2639 1741 2670 sint

145 2677 266 2709 AGM:
294 2682 378 2710 sunt
402 2680 432 2716 S,
460 2686 495 2712 (tl
519 2681 562 2721 cf.
581 2683 610 2718 6,
630 2683 661 2719 2,
680 2684 700 2712 5
835 2684 873 2714 19
900 2684 930 2715 13
955 2684 995 2724 A,
1023 2684 1080 2716 his
1106 2684 1177 2722 Ga,
1210 2684 1280 2715 hiis
1305 2685 1367 2715 MS
1483 2683 1641 2726 plurima
1667 2685 1741 2715 sint

148 2724 368 2755 reserua'nda
394 2727 470 2756 edd.
497 2731 649 2758 ueteres:
681 2726 837 2768 plurima
863 2728 912 2759 sit
936 2739 994 2760 res
1022 2730 1183 2761 eruenda
1208 2730 1301 2765 libri,
1334 2731 1397 2761 secl
1419 2730 1448 2759 A
1475 2740 1586 2761 eruen
1610 2731 1645 2760 in
1670 2741 1739 2764 ras.

236 2769 267 2800 si
293 2770 507 2811 cuiusquam
531 2772 664 2803 AGMS
780 2774 822 2804 20
849 2776 885 2805 et
908 2774 988 2805 AG:
1017 2785 1097 2806 esse
1123 2776 1173 2811 M,
1201 2785 1244 2811 ex
1270 2774 1340 2806 hiis
1366 2776 1385 2805 S
1498 2775 1582 2815 sort.
1610 2774 1740 2806 dixeri-

146 2821 223 2844 mus
327 2831 330 2833 -
359 2816 399 2846 21
428 2817 675 2857 posidebimus
700 2818 741 2857 A,
768 2818 996 2859 possidemus
1022 2821 1041 2850 S
1159 2822 1195 2850 et
1222 2830 1239 2850 e
1264 2820 1294 2850 A
1319 2821 1352 2851 in
1375 2831 1446 2852 ras.
1472 2830 1489 2851 e
1516 2830 1576 2851 om.
1605 2821 1625 2850 S

147 2858 187 2888 22
214 2861 290 2890 tota
314 2860 395 2892 Ma:
423 2864 499 2892 toto
524 2862 601 2902 AG,
629 2865 708 2894 tuto
733 2865 753 2894 S
861 2874 1050 2905 possumus
1074 2866 1125 2898 M:
1154 2865 1334 2906 possimus
1358 2866 1450 2897 AGS
1566 2867 1608 2897 23
1634 2865 1688 2897 uti
1710 2864 1740 2896 A

121 2910 236 2935 ἐονν.
261 2915 306 2936 eo:
330 2910 370 2936 ut
484 2908 527 2939 25
553 2907 774 2939 clauduntur
799 2908 965 2950 plaudite
992 2911 1053 2940 MS
1170 2912 1211 2941 27
1237 2910 1306 2941 alis
1331 2909 1410 2941 A¹G
1527 2912 1569 2942 29
1596 2914 1631 2942 et
1657 2912 1736 2943 add.

149 2946 312 2990 Spalding]
428 2955 485 2983 est
511 2955 547 2983 et
571 2953 600 2983 A
626 2955 698 2984 2771.
725 2955 758 2985 in
782 2965 853 2986 ras.
