1987 3212
526 846 823 897 LIBER
901 837 1443 892 SECVNDVS.

304 1077 337 1118 I.
380 1075 539 1116 Tenuit
561 1071 834 1125 consuetudo,
868 1084 974 1125 quae
998 1067 1151 1109 cotidie
1174 1065 1309 1121 magis
1330 1064 1570 1119 inualescit,
1603 1065 1650 1104 ut
1671 1078 1789 1118 prae-

194 1145 434 1200 ceptoribus
466 1141 749 1197 eloquentiae,
781 1138 929 1180 latinis
961 1136 1129 1191 quidem
1161 1148 1339 1188 semper,
1372 1132 1444 1174 sed
1476 1133 1604 1174 etiam
1627 1131 1791 1186 graecis

192 1212 387 1266 interim,
429 1209 625 1264 discipuli
663 1208 795 1249 serius
835 1221 961 1261 quam
993 1204 1103 1245 ratio
1134 1202 1322 1257 postulat
1359 1201 1644 1242 traderentur.
1705 1199 1792 1240 eius

195 1282 255 1323 rei
287 1280 443 1334 duplex
476 1292 603 1320 causa
635 1278 712 1330 est,
747 1276 857 1330 quod
890 1277 931 1315 et
962 1273 1154 1314 rhetores
1185 1270 1329 1325 utique
1360 1269 1497 1311 nostri
1529 1283 1625 1310 suas
1657 1267 1793 1322 partis

154 1348 429 1392 20miserunt
460 1348 502 1388 et
533 1344 804 1400 grammatici
835 1343 997 1384 alienas
1028 1339 1360 1394 occupauerunt.
1422 1352 1521 1378 nam
1560 1338 1603 1378 et
1632 1336 1695 1377 illi
1726 1335 1825 1377 de--T

197 1418 381 1459 clamare
420 1414 542 1456 modo
584 1415 626 1454 et
665 1412 889 1453 scientiam
927 1407 1194 1450 declamandi
1241 1421 1290 1448 ac
1333 1405 1584 1446 facultatem
1628 1404 1795 1445 tradere

196 1484 327 1527 officii
359 1483 424 1524 sui
455 1482 617 1523 ducunt
646 1480 772 1534 idque
802 1479 918 1519 intra
949 1475 1253 1518 deliberatiuas
1283 1473 1576 1527 iudicialisque
1597 1471 1796 1513 materias

198 1554 317 1607 (nam
350 1553 491 1593 cetera
520 1551 568 1590 ut
607 1547 870 1602 professione
910 1560 985 1586 sua
1022 1545 1188 1585 minora
1226 1542 1509 1596 despiciunt)7
1549 1542 1592 1582 et
1628 1539 1673 1580 hi
1710 1554 1797 1581 non

200 1620 302 1662 satis
335 1619 514 1661 credunt
545 1616 785 1670 excepisse,
826 1628 934 1668 quae
966 1612 1115 1654 relicta
1147 1612 1269 1652 erant
1308 1609 1407 1664 (quo
1446 1608 1617 1650 nomine
1657 1607 1798 1663 gratia

199 1702 361 1743 quoque
392 1687 444 1728 iis
476 1684 673 1727 habenda
695 1685 791 1737 est),
825 1682 897 1723 sed
920 1681 971 1722 ad
994 1680 1324 1735 prosopopoeias
1346 1692 1477 1732 usque
1500 1692 1549 1719 ac
1571 1676 1796 1730 suasorias,

161 1754 245 1797 3in
278 1755 428 1810 quibus
459 1768 565 1795 onus
597 1752 765 1794 dicendi
797 1750 864 1792 uel
895 1749 1128 1791 maximum
1159 1749 1237 1800 est,
1269 1746 1533 1800 inrumpunt.
1576 1744 1677 1786 hinc
1698 1759 1799 1799 ergo

203 1822 359 1865 accidit
390 1824 450 1875 ut,
485 1836 590 1876 quae
624 1820 797 1861 alterius
831 1818 934 1859 artis
966 1817 1103 1871 prima
1136 1817 1259 1856 erant
1289 1829 1435 1869 opera,
1475 1813 1593 1854 facta
1625 1813 1711 1853 sint
1742 1813 1799 1854 al-

201 1891 333 1932 terius
373 1889 627 1941 nouissima,
669 1890 711 1929 et
750 1889 867 1928 aetas
910 1886 995 1926 iam
1037 1883 1258 1925 altioribus
1299 1881 1537 1936 disciplinis
1575 1880 1718 1922 debita
1756 1881 1799 1921 111

204 1958 349 2000 schola
380 1958 544 1998 minore
567 1956 759 1997 subsidat
781 1970 830 1996 ac
851 1953 1093 1995 rhetoricen
1115 1951 1227 2005 apud
1257 1949 1559 2005 grammaticos
1592 1951 1799 1990 exerceat.

204 2027 285 2077 ita,
325 2026 434 2080 quod
466 2027 529 2066 est
574 2024 757 2065 maxime
789 2021 1035 2075 ridiculum,
1077 2034 1164 2061 non
1204 2020 1304 2059 aute
1336 2018 1387 2059 ad
1419 2017 1684 2059 declamandi
1716 2032 1801 2058 ma—
1839 2029 1853 2050 5

204 2095 384 2149 gistrum
416 2093 647 2134 mittendus
680 2091 847 2132 uidetur
878 2104 982 2144 puer
1013 2103 1139 2143 quam
1170 2087 1407 2128 declamare
1439 2086 1560 2128 sciat.

165 2170 192 2210 4
317 2161 406 2202 Nos
438 2175 558 2201 suum
591 2160 737 2214 cuique
769 2157 1026 2213 professioni
1053 2156 1224 2197 modum
1246 2155 1412 2196 demus:
1445 2156 1487 2195 et
1507 2154 1801 2209 grammatice,

206 2244 331 2284 quam
363 2229 408 2269 in
438 2228 620 2269 latinum
650 2227 961 2268 transferentes
993 2225 1360 2265 litteraturam
1392 2223 1664 2275 uocauerunt,
1698 2222 1803 2262 fines

207 2312 302 2338 suos
334 2297 461 2349 norit,
495 2295 745 2350 praesertim
776 2296 946 2335 tantum
979 2293 1031 2333 ab
1063 2292 1143 2333 hac
1175 2290 1474 2346 appellationis
1507 2304 1605 2330 suae
1628 2304 1803 2344 pauper-

208 2367 318 2418 tate,
361 2365 475 2405 intra
506 2379 631 2418 quam
663 2362 789 2417 primi
828 2362 890 2403 illi
923 2361 1171 2413 constitere,
1212 2361 1435 2413 prouecta:
1476 2373 1576 2399 nam
1607 2358 1749 2398 tenuis
1781 2372 1805 2398 a

208 2434 327 2473 fonte
367 2431 603 2486 adsumptis
642 2430 942 2471 historicorum
985 2428 1312 2481 criticorumque
1358 2426 1519 2467 uiribus
1558 2426 1685 2480 pleno
1723 2425 1806 2466 iam

210 2500 313 2541 satis
345 2500 464 2541 alueo
495 2499 602 2552 fluit,
638 2513 731 2539 cum
762 2500 931 2552 praeter
963 2497 1172 2537 rationem
1194 2497 1308 2536 recte
1329 2494 1528 2549 loquendi
1550 2508 1635 2535 non
1657 2508 1807 2548 parum

304 2617 318 2646 1
353 2613 502 2655 Tenuit]
534 2614 739 2655 praemissus·
771 2618 821 2645 est
852 2614 883 2643 in
909 2613 971 2642 AB
1004 2614 1135 2643 titulus.-
1178 2610 1331 2649 Quando
1365 2609 1499 2642 rhetori
1530 2609 1578 2640 sit
1610 2608 1807 2640 tradendus

212 2660 426 2698 <tradendus
452 2660 498 2691 sit
523 2659 564 2699 A)
591 2669 681 2701 puer
804 2657 957 2689 cottidie
984 2658 1011 2687 A
1127 2658 1148 2688 4
1174 2656 1268 2697 quod
1295 2660 1331 2688 et
1355 2656 1398 2686 B:
1427 2654 1521 2696 quod
1546 2656 1574 2684 A
1683 2657 1807 2695 partes

213 2707 270 2739 Ας
365 2707 382 2736 7
410 2705 677 2746 iudicialesque
704 2712 725 2739 ς
818 2705 838 2736 8
865 2706 901 2734 et
925 2703 953 2733 A
982 2704 1051 2734 Im.
1078 2712 1105 2733 s,
1132 2704 1152 2735 l.
1259 2702 1300 2733 10
1326 2701 1381 2732 his
1406 2701 1434 2731 A
1527 2700 1739 2741 prosopeias
1765 2697 1807 2729 Al

304 2761 423 2796 usquq
444 2761 486 2781 ac
506 2749 667 2781 Obrecht:
694 2759 807 2791 usque
835 2747 880 2779 ad
905 2748 1009 2786 ABs,
1036 2757 1150 2788 usquc
1178 2750 1215 2779 et
1240 2746 1285 2777 ad
1311 2746 1388 2778 edd.
1414 2749 1492 2776 nell.
1590 2746 1629 2776 13
1656 2744 1726 2774 ium
1754 2744 1807 2775 al-

214 2795 368 2826 rioribus
395 2804 439 2826 A:
468 2795 661 2826 altioribus
687 2795 759 2826 iam
786 2795 811 2825 B
975 2794 1015 2823 1⁴3
1041 2793 1209 2824 uideatur
1234 2793 1263 2822 A
1288 2802 1378 2823 corr.
1406 2795 1437 2821 ec
1463 2792 1482 2821 b
1637 2790 1807 2820 seiam*

216 2851 274 2869 ηιμ·
299 2851 388 2870 mmm
414 2841 543 2881 cuique
570 2840 597 2870 A
694 2842 731 2872 17
760 2840 999 2882 grammatic-(J
1015 2839 1066 2878 Bg
1162 2840 1201 2870 18
1228 2847 1335 2878 quam
1353 2853 1389 2857 —
1405 2838 1631 2867 uocauerunt
1648 2839 1807 2875 suspecta.

217 2886 365 2915 (itas-mvn
392 2891 423 2915 et
451 2886 663 2917 Loclmzanno
757 2886 797 2915 21
824 2884 1079 2916 historicorum
1107 2883 1387 2922 criticorumque
1406 2881 1452 2911 A:
1479 2880 1808 2920 historicorumque

215 2930 263 2959 Β11
292 2931 307 2959 J
326 2941 364 2959 m.
394 2933 578 2970 poetarum
607 2930 933 2971 liistoricorumque
959 2930 1007 2960 Β11
1039 2940 1129 2961 corr.
1156 2940 1196 2960 m.
1217 2931 1237 2958 2
1263 2932 1296 2959 el
1320 2927 1389 2965 Bg,
1423 2926 1631 2958 criticorum
1664 2924 1807 2957 histori-

217 2984 409 3015 corumque
436 2976 466 3013 b,
495 2978 677 3006 oratorum
704 2975 1029 3016 liistorieoruiuque
1056 2976 1074 3004 S
1179 2974 1221 3005 22
1249 2973 1320 3004 fluia
1344 2972 1372 3001 A

1820 1689 1850 1713 10

1825 2371 1856 2393 21)
