1939 3180
122 122 206 163 260
643 127 939 167 QUINTILIANI
972 127 1091 158 [NST.
1126 126 1200 157 oss.

123 233 313 289 posuerit
343 233 504 286 ualent,
537 232 721 272 libenter
753 229 995 283 adhibebit,
1037 243 1132 271 cum
1170 228 1309 283 prius,
1351 227 1451 283 quid
1495 227 1722 268 honestum

56 304 110 344 36
124 302 181 343 sit
211 301 394 355 efficere,
428 301 473 342 in
505 300 648 341 animo
669 313 743 340 suo
766 298 1050 340 constituerit.
1094 298 1158 338 est
1179 294 1289 352 quod
1310 296 1527 351 principes
1559 295 1721 348 deceat,

125 370 218 411 aliis
257 384 345 410 non
384 369 657 410 concesseris.
719 368 1027 422 imperatorum
1066 380 1116 407 ac
1153 363 1480 419 triumphalium
1525 364 1724 418 separata

125 440 189 480 est
228 438 370 492 aliqua
409 452 459 478 ex
499 438 620 492 parte
660 435 769 476 ratio
809 434 1097 489 eloquentiae,
1138 433 1249 476 sicut
1287 431 1514 486 Pompeius
1558 431 1724 472 abunde

124 507 306 548 disertus
337 520 478 547 rerum
510 519 683 546 suarum
704 505 914 557 narrator,
949 504 991 543 et
1021 495 1207 556 hic,·.qui
1228 490 1339 542 bello
1372 499 1487 540 ciuili
1519 513 1562 540 se
1593 499 1724 539 inter-
1743 506 1759 531 5

57 576 108 616 37
124 575 249 628 fecit,
292 574 398 616 Cato
440 573 640 628 eloquens
680 574 852 613 senator
888 571 984 612 fuit.
1046 570 1159 611 idem
1197 570 1358 610 dictum
1396 581 1521 622 saepe
1560 567 1605 608 in
1643 566 1725 607 alio

125 643 321 697 liberum,
354 643 399 683 in
433 642 515 682 alio
546 641 766 694 furiosum,
799 640 844 680 in
877 639 959 681 alio
981 639 1210 693 superbum
1241 640 1318 679 est,
1361 636 1491 677 uerba
1523 635 1725 676 aduersus

126 713 498 766 Agamemnonien
521 725 544 750 a
565 709 760 750 Thersite
792 708 940 750 habita
962 707 1177 748 ridentur:
1210 705 1263 755 da
1285 705 1359 746 illa
1381 703 1577 745 Diomedi
1599 703 1726 743 aliiue

127 780 193 821 cui
226 779 334 834 pari,
367 793 574 833 magnum
614 777 803 818 animum
841 776 954 817 ferre
994 790 1096 830 prae
1135 789 1179 816 se
1217 773 1490 815 uidebuntur.
1553 785 1646 826 ego
1676 773 1726 811 te

128 848 397 890 consulem
436 848 632 901 putem,
675 845 818 899 inquit
857 845 903 886 L.
945 844 1121 886 Crassus
1153 842 1373 897 Philippo,
1417 855 1523 882 eum
1561 842 1614 880 tu
1651 848 1777 879 melo

127 931 227 958 non
276 917 431 970 putes
479 913 810 956 senatorem?
860 927 941 954 uox
986 911 1312 953 honestissimae
1358 908 1591 962 libertatis,
1639 922 1726 948 non

58 985 111 1026 38
126 987 273 1025 tamen
311 984 445 1025 ferres
485 996 792 1037 quemcumque
839 981 1066 1022 dicentem.
1128 982 1262 1035 negat
1306 993 1349 1020 se
1394 976 1542 1032 magni
1575 976 1728 1017 'facere

127 1053 279 1108 aliquis
313 1054 561 1107 poetarum,
605 1052 779 1091 utrum
813 1048 1006 1091 Caesar
1037 1051 1150 1090 ater
1182 1062 1244 1088 an
1276 1047 1426 1088 albus
1457 1046 1604 1086 homo
1635 1044 1727 1097 sit,

126 1121 319 1163 insania:
370 1122 509 1174 uerte,
551 1120 599 1160 ut
636 1118 748 1159 idem
781 1117 938 1159 Caesar
969 1117 1018 1158 de
1049 1116 1122 1158 illo
1154 1116 1329 1170 dixerit,
1364 1113 1618 1169 adrogantia
1649 1113 1726 1153 est.

131 1190 266 1230 maior
288 1189 333 1230 in
355 1189 549 1244 personis
572 1186 815 1228 obseruatio
837 1188 902 1227 est
924 1186 1036 1240 apud
1056 1185 1246 1240 tragicos
1266 1184 1550 1237 comicosque:
1582 1180 1781 1223 multism

128 1258 243 1299 enim
282 1259 463 1298 utuntur
503 1258 545 1297 et
584 1255 728 1296 uariis.
792 1254 939 1295 eadem
979 1256 1021 1295 et
1060 1268 1225 1307 eorum,
1275 1252 1346 1307 qui
1384 1250 1598 1292 orationes
1637 1248 1730 1290 aliis

129 1326 390 1379 scribebant,
423 1325 506 1366 fuit
537 1324 647 1365 ratio
680 1325 722 1365 et
743 1322 1076 1364 declamantium
1108 1324 1191 1363 est:
1222 1336 1311 1362 non
1343 1319 1456 1361 enim
1487 1332 1654 1373 semper
1683 1319 1731 1358 ut

132 1394 343 1448 aduocati,
379 1393 450 1434 sed
483 1393 730 1448 plerumque
763 1393 810 1432 ut
841 1391 1082 1445 litigatores
1115 1390 1307 1430 dicimus.

60 1464 114 1506 39
243 1462 404 1504 Verum
437 1461 565 1502 etiam
596 1461 641 1501 in
673 1460 725 1501 iis
758 1459 917 1513 causis,
949 1458 1101 1513 quibus
1133 1458 1404 1510 aduocamur,
1439 1455 1582 1497 eadem
1616 1454 1731 1495 diffe-

128 1531 269 1573 rentia
308 1530 538 1585 diligenter
578 1531 642 1570 est
682 1527 972 1570 custodienda.
1034 1527 1194 1568 utimur
1226 1526 1340 1567 enim
1377 1524 1550 1566 fictione
1588 1535 1782 1578 perso-20

129 1614 282 1641 narum
314 1601 357 1640 et
386 1598 504 1639 uelut
535 1612 606 1639 ore
638 1596 778 1638 alieno
809 1595 1042 1651 loquimur,
1084 1594 1296 1649 dandique
1328 1595 1429 1634 sunt
1466 1592 1538 1645 iis,
1579 1591 1730 1646 quibus

130 1683 277 1710 uocem
310 1666 692 1719 accommodamus,
727 1665 791 1706 sui
813 1678 963 1705 mores.
1006 1664 1131 1704 aliter
1163 1662 1276 1704 enini
1307 1661 1356 1703 P.
1390 1660 1574 1715 Clodius,
1608 1659 1732 1700 aliter

132 1737 299 1791 Appius
332 1735 514 1789 Caecus,
555 1734 679 1775 aliter
711 1733 979 1776 Caecilianus
1010 1732 1105 1785 ille,
1140 1731 1264 1772 aliter
1294 1729 1579 1771 Terentianus
1610 1729 1733 1782 pater

62 1807 118 1849 4O
131 1805 323 1860 fingitur.
386 1804 487 1858 quid
531 1803 722 1857 asperius
772 1802 920 1843 lic-tore
966 1800 1113 1842 Verris
1165 1802 1243 1841 cut
1297 1798 1472 1851 adeas,
1528 1798 1732 1838 tantum

116 1873 327 1926 dabis’,
371 1872 471 1926 quid
509 1871 661 1912 fortius
700 1871 794 1925 illo,
837 1870 954 1911 cuius
993 1870 1107 1910 inter
1136 1869 1229 1923 ipsa
1261 1867 1483 1908 uerberum
1521 1864 1732 1919 supplicia
1751 1878 1784 1902 25>

137 1956 223 1983 una
253 1955 335 1982 uox
368 1939 620 1981 audiebatur
652 1939 810 1980 ‘ciuis
833 1938 1094 1979 Romanus
1127 1935 1288 1977 sum’?
1327 1949 1455 1990 quam
1477 1934 1633 1989 dignae
1655 1932 1734 1973 Mi-

134 2010 244 2051 lonis
277 2010 323 2050 in
354 2008 624 2063 peroratione
655 2007 749 2062 ipsa
780 2021 904 2047 uoces
937 2020 984 2047 eo
1016 2006 1127 2059 uiro,
1169 2004 1241 2059 qui
1278 2018 1355 2058 pro
1386 2018 1430 2044 re
1468 2001 1640 2057 publica
1671 2015 1732 2042 se-

135 2078 336 2119 ditiosum
383 2077 518 2118 ciuem
568 2076 726 2117 totiens
781 2074 1098 2129 conpescuisset
1139 2073 1294 2128 quique
1346 2071 1523 2112 insidias
1575 2069 1735 2111 uirtute

67 2150 119 2190 41
136 2146 399 2202 superasset!
441 2145 622 2199 denique
660 2158 748 2185 non
786 2143 909 2184 modo
940 2144 1043 2197 quot
1073 2141 1118 2182 in
1152 2155 1279 2182 causa
1309 2139 1486 2181 totidem
1517 2139 1562 2179 in
1593 2152 1735 2192 proso-

136 2214 318 2270 popoeia
350 2215 450 2255 sunt
480 2213 726 2266 uarietates,
761 2211 832 2252 sed
864 2211 945 2252 hoc
976 2211 1105 2251 etiam
1135 2209 1291 2264 plures,
1325 2207 1436 2263 quod
1466 2207 1511 2247 in
1540 2206 1604 2247 his
1636 2220 1734 2260 pue·
1754 2220 1787 2245 30

144 2298 298 2337 rorum,
331 2282 604 2335 feminarum,
638 2280 906 2337 populorum,
939 2280 1151 2320 mutarum
1183 2276 1312 2318 etiam
1342 2290 1484 2317 rerum
1515 2273 1736 2315 adsimula-

69 2354 229 2394 42111115
271 2351 488 2404 adfectus,
534 2349 685 2404 quibus
725 2348 921 2389 omnibus
962 2347 1139 2388 debetur
1177 2360 1276 2387 suus
1315 2344 1452 2386 decor.
1515 2342 1661 2384 eadem
1692 2342 1737 2383 in

231 2493 283 2525 13.
311 2489 448 2522 Catull.
475 2491 531 2521 93.
625 2489 679 2520 24.
704 2489 806 2520 Verr.
833 2487 873 2528 V,
899 2487 955 2527 45,
983 2487 1057 2518 118.
1152 2486 1206 2518 26.
1232 2484 1280 2518 ib.
1306 2485 1362 2524 62,
1391 2484 1466 2517 162.

232 2619 251 2649 3
278 2616 435 2649 cesseris
461 2616 480 2645 b
574 2615 594 2649 5
621 2612 745 2645 ciuilis
771 2616 807 2644 et
832 2611 1004 2644 interficit
1021 2612 1041 2641 b
1134 2612 1153 2641 6
1180 2610 1216 2641 in
1244 2609 1316 2641 alio
1340 2608 1513 2640 librorum
1532 2608 1563 2648 b,
1590 2616 1650 2638 0711.
1669 2605 1739 2636 ΒΜ

231 2663 250 2694 8
278 2660 559 2703 agamemnonis
587 2660 606 2690 b
746 2658 792 2690 da
817 2658 842 2688 B
869 2662 901 2689 ut
928 2658 1013 2691 coni.
1040 2657 1183 2697 Ii'egjz'ns:
1209 2655 1252 2687 de
1278 2656 1310 2695 b,
1338 2657 1376 2685 at
1399 2655 1434 2684 Μ
1549 2651 1659 2683 aliiue
1685 2651 1736 2680 M:

143 2708 239 2739 aliue
265 2708 290 2738 B
385 2709 403 2738 9
430 2706 512 2748 pari
538 2706 573 2736 b:
602 2715 668 2746 par
692 2704 761 2734 ΒΜ
857 2704 951 2734 ferre
977 2704 1030 2734 M:
1058 2702 1134 2733 fere
1153 2702 1178 2731 B
1274 2702 1315 2732 10
1339 2699 1459 2739 inquit
1476 2699 1545 2728 ΒΜ
1568 2700 1646 2738 post
1670 2706 1738 2737 ego

143 2758 177 2784 10
204 2754 337 2793 habent,
365 2764 425 2785 om.
454 2753 474 2782 b
570 2753 609 2781 12>
636 2753 749 2790 negat
774 2752 830 2780 set
856 2750 876 2779 b
972 2749 1013 2778 14
1039 2747 1082 2779 de
1110 2746 1173 2778 1110
1198 2757 1259 2779 om.
1287 2747 1322 2775 M
1417 2745 1455 2775 17
1483 2742 1648 2774 scribant
1673 2742 1693 2771 b

142 2802 182 2829 ut
206 2799 248 2829 B:
278 2802 313 2830 ct
338 2799 368 2837 b,
399 2800 454 2829 est
478 2798 512 2826 Μ
607 2797 647 2827 10
674 2795 717 2826 iis
744 2795 784 2825 B:
812 2795 843 2825 is
869 2795 900 2834 b,
928 2793 983 2824 his
1009 2794 1072 2829 Μς
1165 2793 1208 2824 20
1234 2791 1392 2823 estBM:
1421 2789 1493 2819 etb
1587 2788 1627 2817 21
1655 2789 1739 2817 sunt

145 2846 172 2875 15
198 2846 218 2874 b
312 2845 355 2874 24
381 2853 530 2884 asperus
556 2842 608 2880 Bg
633 2843 706 2872 Im.
802 2839 927 2871 littore
953 2839 1017 2869 Mb
1125 2838 1168 2869 25
1194 2835 1271 2877 illo]
1298 2847 1317 2867 0
1343 2836 1363 2865 b
1456 2832 1649 2864 uerborum
1674 2833 1739 2862 Mb

235 2891 276 2920 :3⁴3
303 2889 412 2929 (ligne
440 2887 563 2919 miloni
591 2887 621 2918 si
649 2884 810 2926 (milonis
836 2884 870 2925 b)
898 2883 1140 2926 imperatione
1169 2881 1220 2924 (in
1247 2881 1410 2913 oratione
1436 2879 1483 2917 M)
1510 2878 1580 2908 BM
1696 2878 1738 2908 ‘27

145 2945 299 2975 propere
327 2934 503 2965 ‹liciosum
529 2934 549 2963 b
642 2934 685 2963 ⁶28
711 2931 969 2973 compescuisse
996 2931 1016 2960 b
1108 2929 1150 2960 29
1176 2926 1270 2967 quod
1295 2926 1362 2956 BM
1453 2923 1649 2965 prosopeia
1673 2923 1694 2952 b

146 2982 188 3010 30
216 2979 306 3020 quod
334 2990 393 3011 nm.
421 2980 441 3008 b
512 2979 547 3008 in
574 2978 604 3009 is
629 2978 681 3015 Bg
708 2979 780 3010 Im.
853 2977 892 3007 31
921 2975 1115 3007 multarum
1140 2974 1218 3013 ΒΜ,
1247 2984 1305 3004 em.
1324 2970 1448 3012 It'eyius
1519 2970 1560 3001 32
1585 2970 1622 3000 in
1639 2968 1670 3000 is
1687 2968 1741 3007 Bg
