1987 3212
200 138 245 167 VI
664 153 667 169 ·,
860 135 1137 167 PRAEFATIO.

195 262 278 303 nisi
309 263 424 303 totus
447 261 578 303 codex
600 263 793 302 accurate
824 261 975 302 iterum
999 262 1177 304 collatus
1202 265 1324 303 esset.
1376 260 1470 302 Hoc
1502 275 1667 315 quoque
1689 260 1795 302 desi-

196 341 359 383 derium
398 343 445 382 ut
483 341 740 395 expleretur,
780 340 1095 382 Studemundus
1135 356 1307 395 operam
1346 355 1464 382 suam
1502 339 1797 381 liberalissime

195 420 362 462 obtulit.
414 420 526 462 Nam
557 420 712 460 librum
743 420 916 461 tertium
946 420 1037 474 ipse
1069 410 1271 478 contulit,
1303 420 1430 461 aliam
1462 419 1602 474 operis
1632 421 1797 474 partem

193 515 261 541 me
296 501 476 554 rogante
505 499 734 541 Adolfus
763 499 1129 555 Kiesslingius
1171 482 1290 541 inse
1321 499 1500 554 recepit,
1531 499 1603 554 qui
1634 499 1798 553 aliquot

194 579 381 633 capitum
403 578 501 620 libri
522 578 628 620 VIII
650 579 856 621 lectiones
879 579 1121 634 exscripsit,
1152 580 1332 634 denique
1355 578 1646 620 Studemundo
1669 578 1796 620 inter-

194 658 369 700 cedente
400 659 596 700 effectum
628 660 710 712 est,
743 660 790 699 ut
820 658 1133 701 Fridericus
1165 658 1337 701 Ruehl
1376 658 1507 699 libros
1540 657 1580 712 I,
1612 658 1675 713 II,
1707 657 1793 699 IIII

194 740 236 780 et
265 740 407 793 partes
439 739 577 793 quinti
609 740 651 780 et
680 739 784 780 noni
815 739 861 780 in
891 754 1032 780 meum
1064 754 1186 780 usum
1219 739 1445 780 excuteret.

307 818 429 868 Quod
468 820 686 860 externam
725 818 882 860 codicis
922 819 1102 860 sormam
1142 819 1316 873 attinet,
1364 817 1542 859 diuersis
1586 818 1794 872 manibus,

193 899 266 940 sed
306 898 493 940 eiusdem
530 899 617 939 fere
648 899 797 939 aetatis
837 899 1019 953 scriptus
1059 900 1134 939 est.
1196 898 1321 938 Haud
1353 897 1439 939 seio
1472 913 1526 938 an
1556 897 1654 938 inde
1690 897 1795 938 illud

192 978 488 1033 explicandum
511 978 584 1032 sit,
617 978 729 1032 quod
751 978 864 1019 aliud
896 978 941 1019 in
963 978 1056 1019 aliis
1079 978 1198 1018 libris
1221 977 1378 1019 codicis
1399 977 1580 1032 pretium
1604 962 1792 1032 uidetur3

192 1058 430 1113 complures
456 1057 569 1099 enim
600 1058 697 1099 libri
727 1058 985 1112 posteriores
1017 1058 1151 1099 multo
1184 1057 1483 1113 neglegentius
1515 1057 1663 1111 scripti
1695 1059 1795 1098 sunt

192 1152 318 1192 quam
355 1138 518 1192 priores
556 1140 767 1192 quattuor.
829 1137 881 1178 In
912 1137 1185 1179 aestimandis
1225 1139 1365 1178 autem
1403 1137 1500 1178 libri
1539 1137 1793 1179 lectionibus

192 1232 298 1272 opus
321 1219 385 1259 est
412 1220 458 1258 ut
487 1218 718 1272 scripturae
748 1218 909 1272 primae
932 1220 974 1259 et
1003 1218 1210 1259 secundae
1241 1232 1390 1259 manus
1421 1219 1613 1258 accurate
1641 1217 1793 1258 discer-

189 1298 366 1352 nantur,
415 1299 530 1339 totus
570 1298 683 1339 enim
720 1298 771 1338 ab
810 1298 1003 1352 homine,
1045 1298 1161 1339 cuius
1199 1312 1349 1338 manus
1388 1299 1571 1338 aetatem
1608 1311 1697 1338 non
1735 1296 1794 1338 ita

190 1377 325 1418 multo
363 1378 643 1431 posteriorem
682 1377 842 1431 prodit,
884 1377 1129 1433 recognitus
1169 1380 1210 1419 et
1250 1377 1497 1418 emendatus
1530 1378 1605 1418 est.
1666 1376 1793 1418 Hunc

190 1456 303 1497 aliud
326 1457 540 1512 exemplar
562 1457 813 1506 Quintiliani
846 1458 898 1498 ad
920 1473 1069 1498 manus
1100 1457 1299 1498 habuisse
1330 1457 1431 1498 111116
1453 1459 1647 1511 apparet,
1681 1457 1794 1511 quod

190 1538 232 1578 et
269 1551 395 1578 uoces
433 1537 626 1592 singulae
665 1540 707 1578 et
752 1539 865 1578 totae
905 1538 1140 1578 sententiae
1182 1538 1249 1578 uel
1290 1539 1431 1591 partes
1472 1536 1792 1590 sententiarum,

189 1631 293 1670 quas
332 1617 494 1671 priores
534 1617 578 1657 in
617 1617 941 1658 transcribendo
974 1618 1226 1671 omiserant,
1266 1617 1318 1658 ab
1359 1632 1407 1658 eo
1446 1618 1559 1658 recte
1600 1616 1792 1671 expletae

190 1698 417 1751 apparent,
450 1696 523 1738 sed
554 1697 689 1738 maior
720 1712 816 1751 pars
850 1698 1080 1738 lectionum
1112 1698 1339 1738 inlatarum
1366 1696 1549 1738 deterior
1571 1697 1636 1737 est
1666 1711 1793 1750 quam

188 1777 373 1830 ueteres,
413 1776 501 1818 siue
542 1778 755 1818 corrector
800 1778 944 1819 6011166
983 1779 1066 1818 iam
1105 1777 1362 1831 interpolato
1395 1791 1494 1817 usus
1526 1777 1590 1817 est
1629 1775 1717 1816 siue
1748 1776 1792 1816 in

189 1855 354 1897 mendis
386 1870 461 1897 suo
493 1856 630 1898 Marte
663 1857 925 1913 corrigendis
963 1858 1052 1911 ipse
1083 1872 1172 1898 rem
1204 1856 1433 1898 infeliciter
1463 1855 1607 1911 gessit.
1670 1855 1792 1904 Quod

189 1936 330 1976 autem
361 1936 406 1976 111
436 1936 511 1977 tali
542 1951 585 1977 re
617 1937 706 1978 fieri
747 1938 874 1991 solet,
915 1937 959 1978 111
992 1937 1277 1978 Ambrosiano
1310 1951 1477 1991 quoque
1507 1935 1667 1977 factum
1701 1950 1791 1977 esse

188 2015 451 2070 inuenimus,
473 2018 520 2057 ut
540 2018 703 2057 ueteres
735 2017 938 2058 lectiones
960 2031 1161 2071 persaepe
1182 2016 1369 2057 radendo
1392 2016 1451 2057 ita
1473 2015 1791 2071 exstingueren-

188 2098 276 2149 tur,
315 2097 362 2136 ut
399 2096 554 2150 prioris
593 2097 824 2151 scripturae
856 2097 1020 2138 nullum
1050 2096 1279 2151 uestigium
1317 2096 1512 2150 supersit.
1573 2094 1668 2136 Hoc
1700 2095 1789 2136 ubi-

189 2190 268 2229 que
300 2175 344 2216 in
376 2175 650 2217 adnotatione
683 2177 829 2218 critica
861 2177 1088 2231 diligenter
1120 2175 1412 2217 iudicauimus.
1467 2175 1627 2225 Quodsi
1659 2190 1790 2216 unum

188 2255 363 2309 pluraue
395 2255 600 2297 uocabula
630 2256 675 2297 in
706 2256 829 2297 unius
863 2257 1098 2297 sententiae
1121 2255 1500 2311 comprehensione
1525 2257 1598 2296 aut
1628 2255 1790 2310 aliquot

188 2334 353 2376 litterae
400 2335 444 2376 in
485 2336 664 2391 singulis
704 2337 922 2378 110660111151
966 2337 1024 2377 ita
1062 2337 1105 2377 in
1146 2336 1273 2377 litura
1311 2337 1469 2390 scripta
1507 2337 1695 2389 exstant,
1744 2338 1790 2376 ut

188 2416 378 2456 uetustae
401 2416 632 2470 scripturae
664 2417 824 2457 formae
856 2417 938 2457 iam
967 2431 1054 2457 11011
1085 2417 1252 2470 possint
1283 2416 1454 2470 dispici,
1487 2416 1639 2457 litteris
1668 2416 1788 2456 incli—

188 2494 299 2536 natis
331 2497 519 2537 correcta
551 2496 602 2536 ab
640 2496 822 2551 integris
855 2496 1131 2537 discernenda
1161 2496 1423 2551 putauimus,
1463 2495 1580 2536 uelut
1610 2495 1652 2549 I,
1685 2496 1730 2549 8,
1763 2496 1788 2536 6

189 2573 557 2629 cliendeeasyllabcc
596 2590 698 2627 quae
736 2585 827 2617 sunt
867 2578 1111 2617 commata'.
1173 2576 1223 2616 In
1263 2576 1354 2617 aliis
1394 2575 1519 2629 locis,
1559 2575 1632 2616 ubi
1672 2575 1788 2629 prior

190 2654 397 2708 scriptura
426 2670 514 2696 non
545 2655 647 2696 satis
680 2658 793 2696 certo
827 2656 921 2697 elici
961 2658 1147 2709 poterat,
1188 2656 1361 2697 lectioni
1394 2655 1628 2709 exscriptae
1660 2654 1787 2695 inter-

189 2734 366 2787 rogandi
416 2735 586 2788 signum
634 2735 890 2789 addidimus,
938 2738 984 2775 ut
1022 2736 1308 2790 ecoeperimus
1349 2735 1402 2775 ΑΙ
1422 2734 1519 2789 (‘?)'.
1590 2734 1788 2788 Repetita

189 2814 329 2853 autem
352 2814 508 2854 codicis
540 2815 719 2855 lectione
751 2815 855 2856 duae
880 2815 1149 2869 potissimum
1171 2830 1236 2856 res
1259 2815 1431 2856 effectae
1454 2820 1571 2855 sunt:
1603 2814 1786 2867 primum

190 2892 302 2933 enim
324 2893 481 2933 multae
504 2894 688 2947 (1111111616
711 2894 913 2935 lectiones
935 2894 1070 2935 adhuc
1092 2895 1335 2949 incognitae
1359 2908 1408 2934 ex
1439 2893 1546 2934 libro
1569 2893 1785 2948 praeclaro

190 2971 232 3012 in
271 2971 405 3014 lucem
444 2975 681 3028 motractae
721 2976 837 3029 sunt3
885 2974 1035 3016 deiude
1076 2974 1338 3016 intellectum
1378 2976 1442 3015 est
1480 2972 1592 3014 haud
1631 2987 1784 3028 paucas
