1939 3228
661 147 703 175 v.
761 143 813 188 13,
835 143 1010 191 53—60.
1066 146 1272 191 14,1—3.
1325 176 1329 177 ⁷
1680 143 1763 184 279

171 246 301 286 miror
330 245 443 286 inter
473 246 574 287 duos
607 247 868 289 diuersarum
898 251 1110 290 sectarum
1140 251 1256 292 uelut
1287 252 1412 293 duces
1443 268 1530 294 non
1561 255 1762 296 mediocri

172 313 443 354 contentione
474 314 724 368 quaesitum,
758 315 994 370 singulisne
1025 319 1343 372 quaestionibus
1365 321 1600 362 subiciendi
1621 325 1762 364 essent

170 381 264 435 loci,
294 382 342 421 ut
372 380 593 422 Theodoro
622 382 777 437 placet,
812 398 866 424 an
896 384 1013 438 prius
1045 386 1256 427 docendus
1287 387 1412 428 iudex
1443 403 1568 443 quam
1589 404 1759 431 mouen-

172 448 262 502 dus,
295 450 343 489 ut
362 449 573 503 praecipit
594 449 890 505 Apollodorus,
922 454 1136 507 tamquam
1159 455 1334 508 perierit
1353 454 1458 497 haec
1485 457 1594 497 ratio
1625 458 1761 499 media

138 533 152 557 5
172 518 214 557 et
243 515 351 557 nihil
383 531 477 557 cum
506 516 639 570 ipsius
672 531 820 559 causae
851 519 1036 561 utilitate
1067 521 1123 562 sit
1143 521 1474 564 deliberandum.
1516 524 1622 565 haec
1641 540 1759 579 prae-

172 583 347 637 cipiunt,
382 584 453 638 qui
482 585 563 638 ipsi
593 599 677 625 non
712 585 858 627 dicunt
888 586 933 627 in
963 587 1067 642 soro,
1099 591 1145 629 ut
1176 591 1287 630 artes
1311 605 1334 630 a
1355 591 1511 632 securis
1532 592 1760 647 otiosisque

172 651 415 705 conpositae
454 652 547 706 ipsa
584 667 754 707 pugnae
791 655 1044 696 necessitate
1089 657 1326 698 turbentur.
1387 673 1568 713 namque
1615 674 1759 702 omnes
1773 662 1828 703 60

169 718 278 772 fere,
326 719 395 773 qui
445 719 583 774 legem
621 720 787 762 dicendi
826 723 944 776 quasi
985 724 1186 777 quaedam
1230 725 1433 779 mysteria
1477 727 1757 782 tradiderunt,

170 773 296 827 certis
325 801 412 827 non
442 787 796 830 inueniendorum
826 790 948 830 modo
980 794 1325 845 argumentorum
1347 793 1464 847 locis,
1498 794 1569 835 sed
1592 795 1758 836 conclu-

120 871 150 895 10
168 854 400 894 dendorum
430 868 594 908 quoque
624 870 702 897 nos
733 857 972 911 praecept-is
1003 858 1309 913 alligauerunt:
1342 861 1391 901 de
1423 861 1573 915 quibus
1601 862 1758 903 breuis-

167 922 270 962 sime
299 921 580 976 praelocutus,
614 924 714 977 quid
743 924 833 978 ipse
864 926 1059 980 sentiam,
1092 926 1134 967 id
1166 930 1229 968 est
1259 928 1357 982 quid
1390 929 1644 971 clarissimos
1667 945 1757 971 ora-

167 991 278 1030 tores
307 989 458 1030 fecisse
489 990 669 1045 uideam,
703 1006 789 1032 non
820 993 982 1034 tacebo.

278 1057 392 1098 XIV.
454 1057 593 1113 Igitur
631 1058 961 1113 enthymema
1003 1063 1043 1102 et
1083 1065 1379 1117 argumentum
1418 1064 1578 1118 ipsum,
1620 1066 1658 1105 id
1694 1069 1757 1107 est

166 1139 254 1166 rem
285 1139 391 1179 quae
423 1126 664 1180 probationi
696 1127 867 1168 alterius
908 1128 1150 1183 adhibetur,
1193 1131 1411 1185 appellant
1442 1135 1482 1173 et
1514 1134 1756 1187 argumenti

116 1209 147 1234 15
166 1193 457 1247 elocutionem,
492 1208 583 1234 eam
604 1208 717 1248 uero,
751 1197 797 1235 ut
817 1195 916 1250 dixi,
950 1197 1179 1251 duplicem:
1213 1213 1261 1239 ex
1295 1200 1753 1254 consequentibus,

164 1261 273 1314 quod
296 1261 425 1302 habet
444 1262 776 1315 propositionem
800 1264 1153 1319 coniunctamque
1176 1266 1211 1306 ei
1234 1267 1425 1320 protinus
1447 1268 1754 1322 probationem,

164 1328 286 1382 quale
317 1343 392 1382 pro
424 1329 615 1383 Ligario:
659 1345 814 1372 causa
856 1334 909 1372 tu
924 1347 966 1372 111
1006 1333 1181 1386 dubia,
1226 1335 1355 1388 quod
1400 1336 1514 1375 erat
1545 1335 1753 1389 aliquid

163 1396 215 1436 in
246 1398 467 1450 utraque
498 1399 668 1451 parte,
702 1399 833 1452 quod
863 1400 1299 1454 probariposset:
1331 1417 1469 1443 nunc
1492 1403 1676 1444 melior
1698 1417 1754 1444 ea

164 1463 446 1505 iudicanda
486 1466 585 1518 cst,
631 1480 777 1519 quam
820 1467 975 1507 etiam
1008 1468 1056 1508 di
1100 1469 1436 1510 adiuuerunt:
1480 1470 1608 1512 habet
1639 1471 1751 1511 enim

112 1548 144 1571 ρο
163 1532 371 1572 rationem
403 1534 444 1572 et
472 1533 817 1587 propositionem,
851 1549 936 1575 non
968 1534 1097 1576 habet
1129 1537 1449 1578 conclusionem.
1509 1538 1569 1578 ita
1599 1540 1661 1579 est
1682 1537 1752 1580 1110

162 1599 419 1652 inperfectus
466 1599 747 1654 syllogismus.
811 1616 859 1642 ex
904 1604 1264 1658 pugnantibus
1307 1619 1426 1658 uero,
1476 1606 1585 1659 quod
1624 1607 1750 1647 etiam
1765 1609 1791 1649 2

163 1667 297 1707 solum
336 1666 606 1721 enthymema
644 1669 813 1722 quidam
853 1673 1027 1724 uocant,
1072 1671 1222 1712 fortior
1263 1672 1395 1713 multo
1436 1673 1629 1727 probatio
1671 1676 1748 1715 est.

161 1735 244 1775 tale
276 1736 339 1775 est
371 1734 585 1776 Ciceronis
626 1750 701 1789 pro
733 1736 913 1778 Milone:
958 1739 1068 1779 eius
1110 1739 1283 1793 igitur
1322 1742 1508 1782 mortis
1551 1741 1749 1782 sedetis

163 1801 380 1855 ultores,
417 1803 560 1843 cuius
591 1804 752 1844 uitam
787 1805 828 1845 si
860 1807 1063 1859 putetis
1096 1821 1185 1860 per
1216 1822 1303 1847 uos
1335 1809 1548 1849 restitui
1580 1823 1746 1862 posse,

110 1885 140 1908 ι.)
162 1869 364 1911 nolitis.
407 1871 516 1924 quod
547 1871 715 1925 quidem
747 1873 873 1913 etiam
907 1873 1131 1928 aliquando
1162 1875 1438 1929 multiplicari
1466 1875 1585 1928 solet,
1618 1878 1665 1916 ut
1686 1878 1787 1920 est3

161 1937 214 1978 ab
255 1937 397 1978 eodem
433 1952 513 1991 pro
551 1938 683 1980 eodem
731 1954 802 1980 reo
848 1941 1028 1983 factum:
1083 1957 1144 1996 qu
1158 1957 1230 1983 em
1282 1944 1449 1997 igitur
1491 1958 1598 1984 cum
1649 1958 1746 1984 om-

98 2000 101 2001 ⁷
160 2004 298 2045 nium
329 2006 507 2059 gratia
537 2006 730 2060 noluit,
774 2007 907 2050 hunc
949 2010 1122 2050 uoluit
1163 2025 1271 2051 cum
1303 2011 1593 2065 aliquorum
1623 2026 1748 2065 que·
1778 2016 1796 2026 ⁸

160 2072 323 2112 rella‘?
354 2087 498 2126 quem
528 2075 662 2127 iure,
696 2089 838 2129 quem
870 2076 1004 2130 loco,
1038 2092 1182 2131 quem
1214 2080 1468 2132 tempore,
1502 2093 1636 2130 quem
1669 2084 1743 2120 lm-

152 2154 284 2190 stunc
313 2155 415 2180 non
448 2143 521 2181 est
554 2156 728 2195 ausus,
763 2142 895 2183 hunc
927 2144 1146 2197 iniuria,
1188 2146 1368 2200 iniquo
1400 2146 1537 2200 loco,
1572 2146 1745 2188 alieno

109 2221 140 2244 :zo
159 2209 410 2260 tempore,
446 2223 553 2248 cum
584 2210 820 2262 periculo
845 2212 1036 2265 capitis
1059 2227 1157 2252 non
1180 2213 1449 2254 dubitauit
1471 2214 1745 2255 occidere?

251 2323 301 2354 17.
331 2332 360 2352 e.
387 2323 418 2360 6,
449 2323 499 2353 19.
594 2325 645 2355 ⁶23.
673 2335 701 2355 (5.
729 2326 782 2364 29,
810 2326 861 2356 79.
958 2327 1009 2356 26.
1038 2326 1084 2357 ib.
1113 2327 1164 2366 16,
1190 2328 1243 2358 41.

250 2424 268 2452 2
294 2422 449 2462 singulis
470 2424 503 2453 'A
595 2425 615 2454 4
641 2424 749 2455 medii
774 2426 802 2455 A
896 2428 914 2457 5
939 2427 1117 2459 utilitates
1142 2429 1167 2458 B
1191 2440 1245 2469 [η’.
1273 2440 1310 2460 m.
1338 2429 1495 2460 utilitati
1512 2428 1552 2459 A¹
1649 2430 1740 2460 haec

160 2466 330 2497 accidunt
355 2467 408 2497 his
434 2469 490 2508 qni
512 2470 727 2509 praecipiunt
751 2471 818 2510 ipsi
844 2472 873 2501 A
896 2474 996 2507 δοίης,
1023 2474 1145 2512 partim
1170 2475 1202 2504 iu
1229 2484 1297 2505 ras.
1325 2486 1362 2504 m.
1381 2476 1399 2504 2
1506 2476 1523 2504 7
1550 2474 1742 2505 turbantur

160 2510 320 2547 (mres-hm
344 2517 421 2552 post
445 2513 506 2543 hoc
531 2513 664 2544 uerbum
689 2515 721 2545 in
738 2515 763 2545 B
783 2527 897 2546 nouum
922 2522 1023 2557 eaput
1049 2519 1166 2558 incipit
1190 2519 1250 2548 lenc
1276 2520 1391 2549 (uldila
1418 2522 1532 2549 tilulo:
1560 2519 1739 2558 QUIBUS

159 2555 722 2589 ‹¹0NSTE'1*EPICHEREMA
753 2560 813 2590 m*
847 2560 1024 2599 QUIBUS
1056 2562 1314 2597 REFELLAT
1349 2564 1399 2602 (in
1433 2564 1562 2604 quibus
1596 2563 1741 2595 refella-

157 2604 213 2631 tur
238 2601 272 2641 b)
389 2612 511 2633 omncs
537 2620 579 2623 —
605 2602 720 2644 legem
746 2603 774 2634 A
801 2607 870 2635 Im.
899 2607 930 2636 in
956 2617 1025 2639 ras.
1164 2608 1182 2638 9
1217 2608 1319 2639 niodo
1346 2626 1385 2629 —
1413 2608 1738 2639 concludendorum

157 2656 216 2677 om.
243 2647 271 2676 A
390 2649 428 2678 lo
454 2647 689 2688 illigauerunt
714 2650 766 2679 ed.
793 2650 985 2692 Spalding&
1007 2657 1039 2683 et
1062 2654 1288 2692 posteriores,
1323 2653 1481 2684 nescimus
1506 2654 1592 2684 unde
1698 2655 1734 2684 11

157 2691 377 2722 seutentiam
404 2691 439 2722 id
466 2692 559 2732 quod
584 2693 612 2723 A
706 2695 746 2725 1:³1
772 2699 976 2734 entymema
1001 2696 1087 2737 (sine
1115 2700 1162 2735 ct)
1189 2698 1217 2727 A
1335 2699 1373 2728 14
1400 2708 1491 2738 quae
1518 2709 1579 2730 om.
1605 2699 1644 2737 A,
1672 2708 1694 2738 q
1718 2709 1739 2729 a

249 2737 287 2767 17
315 2736 418 2777 quale
443 2737 485 2767 B:
514 2747 582 2778 quc
610 2740 664 2769 cst
688 2737 716 2768 A
810 2741 849 2771 18
876 2744 912 2771 ct
938 2752 1032 2772 nunc
1057 2743 1077 2772 b
1171 2742 1318 2773 meliore
1346 2743 1567 2773 aiudicanda
1591 2742 1619 2772 A
1644 2754 1735 2775 corr.

156 2781 188 2810 in
213 2780 361 2812 meliore
389 2782 630 2813 adiudicanda
727 2786 764 2815 10
790 2784 837 2814 dii
864 2794 884 2819 ς
977 2789 1018 2817 :30
1044 2787 1221 2817 rationein
1248 2791 1283 2818 et
1307 2788 1380 2818 Ab:
1407 2798 1469 2821 0111.
1496 2788 1520 2818 B
1614 2790 1651 2819 '21
1683 2789 1734 2818 in-

158 2825 334 2857 terfectus
351 2826 392 2856 A¹
488 2830 527 2858 22
555 2828 745 2868 probatio*
773 2834 827 2860 est
844 2831 872 2860 A
965 2832 1006 2861 20
1034 2842 1095 2871 pro
1123 2832 1246 2861 codem
1274 2843 1335 2863 om.
1354 2833 1432 2871 AB;
1462 2835 1497 2863 ct
1522 2843 1583 2873 pro
1610 2833 1735 2864 eodem

157 2870 232 2902 edd.
257 2875 337 2904 nell.
363 2877 395 2902 et
420 2880 440 2906 ς
533 2873 689 2904 omnium
716 2875 854 2905 Cicera:
880 2875 1001 2916 aliqua
1020 2876 1093 2915 AB,
1121 2877 1278 2908 incertum
1303 2888 1344 2907 an
1371 2888 1489 2909 errore
1514 2879 1618 2918 ipsius
1637 2879 1735 2916 Quin-

156 2915 263 2945 tiliani
352 2918 393 2947 27
421 2917 571 2957 quercla
594 2918 650 2952 Βς
742 2920 784 2950 28
811 2921 874 2959 qus}
899 2921 927 2950 A
952 2922 983 2951 z'n
1009 2931 1077 2953 ras.
1173 2931 1276 2961 quein
1303 2923 1446 2963 impunc
1473 2933 1532 2956 om,
1558 2923 1638 2963 AB,
1664 2927 1733 2964 pri—

157 2969 236 2990 mum
260 2961 338 2992 add.
365 2963 396 2992 ίη
422 2964 472 2994 ecl.
501 2963 627 2994 Aldina
