1939 3228
805 131 870 160 1x.
921 128 956 174 3,
980 128 1151 160 36—45.
1703 119 1783 162 155

180 233 515 289 frequentiorem
543 232 847 295 repetitionem
885 235 1052 287 πλοκήν
1082 237 1263 288 uocant,
1305 248 1412 289 quae
1443 234 1492 275 fit
1522 248 1573 275 ex
1604 233 1787 288 permix-

181 302 238 344 tis
269 301 420 358 figuris
430 335 441 356 ,
482 303 531 343 ut
561 315 690 356 supra
716 301 826 356 dixi,
866 304 995 357 utque
1032 317 1077 344 se
1114 303 1246 344 habet
1283 302 1466 357 epistula
1498 302 1550 344 ad
1581 301 1785 345 Brutum:

183 385 278 426 ego
318 385 431 412 eum
466 370 522 411 in
561 369 795 425 gratiam
825 370 1079 412 redierim
1111 386 1220 413 oum
1252 371 1426 426 Appio
1459 370 1703 425 Claudio,
1737 374 1788 413 et

182 439 436 481 redierim
467 453 558 493 per
590 438 675 481 Cn.
708 437 1030 493 Pompeium,
1073 438 1145 497 [et]
1180 454 1275 495 ego
1314 454 1439 495 ergo
1471 455 1581 482 cum
1611 440 1787 481 redie-

116 529 126 545 -,
182 508 291 550 rim.
345 510 387 549 et
417 508 463 549 in
492 507 627 549 isdem
658 506 887 548 sententiis
919 507 1201 549 crebrioribus
1231 510 1398 550 mutata
1429 507 1788 551 declinationibus
1801 508 1856 549 4⁶2

134 873 166 897 10

134 1217 165 1241 15

131 1559 164 1586 20

182 577 411 619 iteratione
442 576 685 630 uerborum,
718 577 765 617 ut
797 575 910 630 apud
941 575 1156 618 Persium:

1171 659 1333 700 usque
1365 645 1565 687 adeone

240 713 381 756 scire
411 716 555 756 tuum
584 713 723 754 nihil
745 715 844 768 est,
877 713 987 755 nisi
1017 715 1066 755 te
1097 714 1235 755 seire
1266 713 1362 755 hoc
1394 713 1532 755 sciat
1563 714 1733 756 alter?

184 785 228 825 et
265 783 378 837 apud
418 782 689 825 Ciceronem:
739 796 909 836 neque
952 782 1087 823 enim
1126 784 1381 837 poterant
1416 781 1616 824 iudicio
1658 785 1707 824 et
1737 783 1789 824 hi

185 851 449 905 damnari,
483 850 571 906 qui
602 850 936 892 iudicabant.
998 850 1071 892 sed
1110 865 1259 891 sensus
1298 864 1464 905 quoque
1503 851 1603 905 toti,
1647 851 1857 906 quem-43

184 920 412 961 admodum
454 921 700 974 coeperunt,
745 919 968 961 desinunt:
1018 919 1168 961 uenit
1200 934 1260 960 ex
1291 919 1433 960 Asia.
1495 919 1592 961 1100
1622 920 1789 975 ipsum

183 1003 334 1044 quam
364 988 585 1029 nouum?
615 988 868 1029 tribunus
900 988 1074 1042 plebis
1106 988 1257 1030 uenit
1291 1002 1347 1029 ex
1370 988 1511 1030 Asia.
1574 989 1618 1030 in
1642 989 1789 1031 eadem

182 1060 330 1099 tamen
360 1056 532 1112 periodo
565 1058 607 1098 et
637 1056 814 1098 uerbum
836 1057 1031 1098 ultimum
1062 1057 1247 1112 primum
1268 1057 1465 1112 refertur,
1498 1057 1673 1099 tertium
1703 1058 1788 1100 iam

184 1140 401 1180 sermone,
450 1125 663 1167 adiectum
709 1127 774 1166 est
819 1126 952 1167 enim:
994 1128 1356 1167 uerumtamen
1388 1126 1556 1169 uenit.
1616 1126 1790 1168 interim

185 1194 404 1236 sententia
435 1194 604 1250 quidem
635 1194 864 1249 repetitur,
900 1198 985 1237 sed
1023 1209 1115 1236 non
1154 1198 1323 1236 eodem.
1363 1195 1588 1236 uerborum
1620 1195 1789 1237 ordine:

184 1263 305 1319 quid
329 1263 636 1306 Cleomenes
657 1263 835 1304 faeere
857 1263 1067 1319 potuit?
1097 1278 1201 1305 non
1224 1264 1361 1305 enim
1381 1278 1595 1318 possum
1616 1278 1790 1319 quem-

183 1347 337 1388 quam
374 1332 696 1373 insimulare
734 1331 888 1373 falso.
950 1332 1095 1387 quid,
1136 1333 1374 1388 inquam,
1421 1332 1600 1374 faeere
1641 1332 1790 1375 Cleo-

183 1416 357 1443 menes
395 1400 602 1456 potuit'?
652 1400 806 1455 prioris
845 1401 971 1442 etiam
1012 1401 1252 1443 sententiae
1291 1401 1468 1442 uerbum
1505 1401 1702 1443 ultimum
1741 1417 1789 1443 ac
1803 1402 1858 1443 44

184 1470 401 1525 sequentis
437 1473 650 1522 primum
689 1469 936 1524 frequenter
975 1472 1039 1510 est
1076 1470 1187 1511 idem
1198 1503 1208 1524 7
1249 1484 1331 1524 quo
1370 1470 1540 1525 quidem
1573 1469 1790 1513 schemate

183 1540 363 1580 utuntur
392 1540 544 1593 poetae
576 1538 766 1592 saepius:

296 1606 559 1661 Pierides,
592 1621 684 1648 uos
715 1605 843 1648 haec
874 1607 1095 1649 facietis
1124 1608 1349 1649 maxima
1382 1608 1554 1662 Gallo,

298 1675 471 1729 Gallo,
505 1676 654 1717 euius
678 1690 817 1716 amor
846 1678 1055 1717 tantum
1088 1676 1214 1717 mihi
1247 1677 1444 1717 crescit
1476 1677 1527 1718 in
1559 1676 1731 1718 horas.

183 1745 255 1786 sed
286 1759 341 1785 ne
363 1746 552 1785 oratores
574 1743 743 1798 quidem
773 1759 889 1786 raro:
923 1745 1006 1786 1110
1038 1748 1213 1786 tamen
1245 1745 1404 1786 uiuit:
1438 1746 1608 1787 uiuit?
1638 1746 1790 1787 immo

183 1827 306 1854 uero
338 1812 495 1854 etiam
528 1812 581 1853 in
613 1815 853 1853 senatum
885 1814 1048 1854 uenit.
1103 1813 1345 1869 aliquandO,
1380 1814 1492 1855 sieut
1522 1814 1566 1855 in
1599 1815 1859 1869 gemina-45

277 1909 309 1940 3.
337 1917 382 1938 ex
409 1907 516 1948 epist.
544 1906 692 1940 amissa.
788 1908 818 1937 5.
847 1906 924 1940 Sat.
952 1909 982 1946 1,
1009 1909 1062 1938 23⁴3.
1170 1908 1201 1941 S,
1231 1918 1273 1939 ox
1301 1908 1379 1939 1000
1405 1908 1560 1939 incerto.
1668 1910 1720 1940 1⁴).
1749 1919 1790 1939 ex

184 1963 234 1984 or.
262 1953 299 1983 in
326 1952 369 1991 Q.
396 1951 598 1986 Metellum.
698 1954 747 1983 15.
777 1953 878 1984 Verr.
907 1953 949 1993 V,
976 1954 1032 1994 41,
1062 1954 1136 1985 107.
1234 1957 1286 1987 2⁴).
1316 1955 1425 1995 Verg.
1454 1954 1533 1986 1301.
1563 1956 1613 1994 10,
1644 1956 1698 1987 72.

184 2001 241 2030 22.
266 1998 303 2029 111
330 1997 442 2029 Catil.
467 1998 495 2038 Ι,
522 1998 541 2036 ,ξ
568 2000 599 2029 ’2.

277 2080 291 2109 1
320 2088 471 2110 naossnx
497 2078 523 2108 G
618 2088 710 2119 quae
737 2078 787 2109 sit
812 2079 883 2109 GM
978 2089 1021 2111 ex
1047 2081 1083 2110 S:
1113 2082 1148 2110 et
1172 2079 1278 2110 AGM
1372 2082 1391 2111 2
1418 2083 1457 2111 ut
1481 2081 1592 2112 MSa:
1620 2083 1656 2111 et
1679 2079 1745 2111 AG

183 2128 223 2155 ut
249 2134 343 2165 quae
369 2122 449 2154 A¹G
558 2134 597 2154 se
625 2124 824 2164 Spaldingyio
852 2126 1026 2157 delendum
1052 2127 1186 2157 uidetur
1326 2125 1487 2167 epistula
1513 2136 1550 2156 a:
1577 2126 1733 2167 epistola.
1758 2129 1788 2166 S,

184 2170 379 2212 epistulam
405 2170 521 2207 AGM,
545 2170 631 2208 fort.
659 2169 695 2200 in
724 2169 883 2211 epistula
976 2172 997 2202 4
1023 2182 1082 2211 gn.
1108 2172 1137 2202 A
1232 2176 1268 2204 et
1293 2173 1468 2203 delendam
1493 2184 1566 2203 esse
1591 2178 1741 2213 apparet

185 2226 264 2247 cum
291 2224 330 2250 ςτ
358 2225 466 2257 quam
491 2215 639 2254 AGMS,
666 2216 740 2256 ipse
765 2216 871 2247 malim
899 2226 979 2247 011111
1006 2217 1043 2247 111
1069 2218 1228 2258 gratiam
1255 2229 1282 2250 r.
1393 2219 1412 2249 ἵ)
1438 2217 1552 2248 isdem
1579 2218 1624 2248 A:
1653 2217 1790 2249 eisdem

185 2261 283 2293 GMs
378 2262 396 2292 7
424 2260 517 2292 adeo
543 2261 688 2291 nescire
713 2259 865 2291 A¹GMS
959 2263 978 2293 9
1006 2265 1177 2302 poterant
1203 2281 1244 2285 —
1270 2262 1489 2295 iudicabant
1516 2264 1635 2304 Zumpt
1661 2265 1792 2295 ineerta

185 2307 439 2339 emendatione:
472 2310 619 2347 poterat
644 2305 780 2337 iudicio
815 2306 960 2346 (inditio
987 2307 1028 2348 G>
1057 2310 1093 2338 et
1119 2308 1179 2345 (ex
1204 2309 1237 2347 S)
1266 2309 1322 2340 his
1355 2308 1401 2348 (is
1427 2310 1456 2339 A
1482 2308 1572 2349 Im.)
1605 2308 1791 2340 damnatis

186 2353 248 2393 qui
274 2352 538 2383 indicabantur
564 2350 675 2392 (quod
701 2351 921 2383 iudicabant
946 2353 995 2391 M>
1020 2353 1157 2384 AGMS
1254 2356 1290 2384 11
1320 2353 1492 2385 desinent
1516 2355 1552 2384 Μ
1660 2356 1700 2385 12
1727 2365 1790 2386 110-

185 2408 268 2429 uum
297 2398 435 2438 Zumpt:
462 2396 594 2428 bonum
620 2397 698 2428 libri
727 2396 730 2398 ’
839 2399 880 2429 13
906 2398 1080 2439 perhiodo
1105 2398 1214 2429 ΔΕΜ
1338 2396 1387 2440 et]
1416 2400 1503 2435 fort.
1531 2402 1581 2439 ut,
1609 2401 1674 2431 nisi
1697 2402 1792 2432 malis

185 2448 434 2484 transponere.-
462 2446 498 2472 et
524 2441 674 2473 uerbum
700 2443 853 2484 primum
879 2443 1044 2474 ultimum
1138 2445 1292 2486 primum
1318 2443 1473 2475 AGMS:
1501 2445 1618 2486 primo
1643 2453 1694 2479 εις

188 2491 228 2519 14
254 2498 420 2519 sermone
447 2489 499 2518 M:
526 2497 729 2519 sermonem
754 2487 858 2527 AGS,
886 2489 922 2520 in
948 2499 1113 2521 sermone
1140 2490 1287 2522 Bomzell
1403 2490 1585 2521 abiectum
1612 2491 1705 2528 libri,
1732 2502 1791 2522 em.

185 2535 219 2566 in
245 2534 374 2566 Aldina
479 2533 575 2564 enim
601 2544 663 2565 om.
688 2535 708 2564 S
734 2538 767 2565 el
791 2535 873 2565 dett.
993 2536 1034 2567 15
1060 2537 1239 2576 repetitur
1264 2536 1459 2567 uerborum
1485 2536 1611 2567 ordine
1639 2537 1747 2566 AGM
1758 2538 1790 2577 S,

184 2580 373 2621 repetitur,
400 2578 616 2617 sedseodem
634 2589 668 2610 u.
689 2579 813 2610 ordine
840 2580 916 2611 edd.
942 2582 1139 2623 pleraeque,
1166 2592 1237 2613 non
1263 2582 1397 2613 addidit
1413 2581 1558 2612 Meister
1584 2584 1616 2613 in
1643 2586 1789 2623 quaesit.

187 2624 225 2664 Q.
245 2625 277 2664 I⁷
299 2627 339 2656 17
434 2624 475 2655 16
502 2624 627 2656 faeere
654 2625 773 2666 potuit
797 2635 868 2656 non
896 2627 990 2657 enim
1017 2627 1046 2657 A
1070 2627 1104 2658 in
1130 2638 1201 2659 ras.
1308 2637 1453 2668 possum
1481 2645 1521 2648 —
1548 2628 1679 2668 prioris
1703 2628 1739 2660 A,
1758 2628 1790 2659 in

186 2682 291 2712 marg.
317 2673 392 2704 2m.
524 2672 563 2702 17
590 2669 725 2702 falsam
752 2669 863 2710 (falso
889 2673 999 2711 corr.)
1027 2672 1122 2713 quod
1148 2674 1187 2712 G,
1214 2672 1309 2704 falso
1336 2672 1484 2713 quidam
1512 2673 1547 2702 M
1665 2673 1790 2705 facere

187 2717 313 2748 cleom.
341 2716 466 2747 AGM:
501 2715 628 2747 facere
656 2715 873 2748 Cleomenes
907 2716 1032 2749 faeere
1059 2719 1095 2757 S,
1133 2717 1267 2751 Cleom.
1302 2718 1427 2749 facere
1455 2726 1494 2757 ς,
1529 2717 1616 2758 quid
1640 2720 1791 2759 inquam

187 2772 319 2803 magno
346 2772 454 2802 opere
482 2761 601 2802 potuit
627 2760 681 2796 Cl,
708 2762 833 2793 faeere
861 2762 928 2794 Cic.
1041 2765 1081 2796 18
1109 2765 1222 2795 etiam
1248 2764 1371 2794 AGM:
1397 2774 1458 2794 om.
1487 2764 1536 2797 ὃς
1653 2765 1693 2795 19
1720 2764 1790 2806 pri-

187 2817 281 2838 mum
307 2808 441 2839 addidit
467 2807 601 2839 Badias
715 2807 810 2839 idem
838 2808 931 2849 quod
958 2808 1037 2849 (sic)
1063 2811 1090 2840 G
1114 2820 1142 2842 s,
1169 2811 1189 2843 l,
1215 2808 1307 2850 quod
1334 2808 1429 2839 idem
1455 2809 1490 2838 Μ
1613 2811 1655 2841 20
1681 2813 1791 2850 poeta

186 2851 309 2883 A¹GM
402 2854 443 2883 21
472 2853 632 2894 pierides
657 2863 723 2885 uos
751 2856 831 2893 (nos
856 2853 906 2885 Μ)
932 2854 1045 2893 AMS,
1072 2856 1135 2886 sed
1156 2853 1185 2885 A
1210 2855 1300 2896 pier.
1325 2855 1359 2885 z‘n
1383 2865 1453 2885 ras.
1480 2853 1559 2885 fieri
1584 2853 1626 2886 de
1653 2865 1737 2886 suos
1763 2856 1790 2886 G

279 2897 378 2938 gallo
402 2900 491 2939 yallo
516 2900 610 2930 cuins
633 2900 674 2937 A,
701 2898 876 2938 gallotiu'
895 2899 922 2929 G
1014 2901 1057 2931 22
1084 2901 1221 2931 crescit,
1245 2901 1279 2931 in
1303 2900 1409 2931 horas
1425 2900 1467 2941 A,
1497 2903 1745 2932 creseomoras
1764 2901 1790 2931 G

279 2946 321 2975 ‘33
347 2954 430 2975 raro
454 2944 621 2975 A:-ratio
647 2945 744 2974 GMS
837 2949 947 2976 tamen
972 2946 1055 2976 uiuit
1080 2947 1161 2977 uiuit
1187 2947 1293 2977 immo
1319 2946 1360 2985 A,
1388 2948 1511 2977 tamen
1536 2946 1725 2977 uiuimimo
1750 2947 1788 2986 G,

189 2993 214 3020 t.
241 2988 336 3020 uiuit
360 2989 431 3021 imo
459 2989 577 3032 (modo
602 2991 652 3031 M)
678 2991 742 3020 MS
