1955 3228
65 876 95 897 10

66 1211 96 1236 15

66 1548 98 1572 20

73 2221 104 2245 30

728 151 775 180 11.
816 135 892 192 if»,
926 147 1072 177 2——14.
1637 134 1692 174 99

108 257 304 312 paruulos
335 256 379 296 in
413 254 608 295 contione
639 251 914 306 produxerat,
957 251 1029 290 sed
1061 250 1172 290 Galli
1211 249 1339 289 etiam
1371 247 1526 301 Sulpici
1558 247 1692 287 filium

108 325 193 366 suis
223 325 313 378 ipse
342 321 541 363 manibus
574 318 902 370 circumtulerat,
937 317 1124 370 elapsum
1156 331 1244 357 esse
1277 331 1371 357 cum
1402 315 1577 355 aliorum
1606 327 1691 353 mo-

108 391 342 443 numentis,
379 393 470 430 tum
503 387 674 429 Catonis
706 385 896 427 oratione
927 386 1130 424 testatum
1162 388 1238 424 est.
1294 386 1335 424 et
1365 383 1567 436 Phrynen
1606 382 1731 421 none

111 458 339 514 Hyperidis
371 457 537 497 actione
568 467 822 509 quamquam
843 451 1095 504 admirabili,
1129 451 1200 491 sed
1234 453 1461 504 conspectu
1494 449 1693 502 corporiS,

111 526 219 581 quod
248 525 321 566 illa
353 523 705 578 speciosissimum
737 519 892 573 alioqui
914 518 1085 559 diducta
1106 518 1331 559 nudauerit
1351 517 1510 568 tunica,
1541 518 1695 570 putant

112 594 296 648 periculo
326 592 563 632 liberatam.
616 603 722 644 quae
754 588 787 628 si
819 586 961 627 omnia
992 585 1268 639 persuadent,
1302 599 1389 625 non
1421 586 1484 623 est
1513 583 1603 635 hic,
1644 583 1694 623 de

113 676 192 715 quo
222 660 351 701 locuti
381 673 547 711 sumus,
587 657 760 697 idoneus
790 654 900 695 finis.
962 653 1134 706 ideoque
1167 651 1455 706 diligentiores
1487 650 1567 690 sibi
1598 652 1696 689 sunt
1714 651 1763 691 10

116 729 215 781 uisi,
258 727 348 781 qui,
390 741 483 768 cum
521 725 570 766 de
608 723 816 764 rhetorice
854 722 964 762 idem
1003 721 1233 772 sentirent,
1275 718 1572 759 existimarunt
1603 731 1695 757 eam

113 797 215 836 uim
246 794 466 835 dicendo
497 789 863 847 persuadendi.
929 802 1051 842 quem
1090 787 1219 827 finem
1251 786 1432 840 Gorgias
1462 785 1508 824 in
1539 784 1697 836 eodem,

114 863 163 903 de
194 876 275 916 quo
306 875 432 914 supra
463 860 654 911 diximus,
686 858 793 898 libro
823 855 940 896 uelut
972 857 1142 896 coactus
1174 869 1196 894 a
1219 853 1391 894 Socrate
1418 852 1537 904 facit,
1572 866 1595 891 a
1617 865 1696 905 quo

113 943 198 970 non
230 928 426 968 dissentit
455 926 736 978 Theodectes,
778 925 864 964 siue
894 924 1026 977 ipsius
1057 922 1099 963 id
1130 936 1233 975 opus
1265 923 1347 974 est,
1386 919 1495 973 quod
1526 919 1575 959 de
1605 917 1696 958 rhe—

113 997 244 1037 torice
275 995 445 1035 nomine
477 994 564 1034 eius
595 993 856 1044 inscribitur,
890 992 991 1044 siue,
1022 992 1070 1030 ut
1092 989 1297 1031 creditum
1321 990 1397 1040 est,
1432 987 1697 1027 Aristotelis:

114 1065 158 1105 in
189 1077 269 1118 quo
301 1065 365 1103 est
394 1062 522 1102 finem
555 1075 643 1102 esse
681 1059 932 1111 rhetorices,
975 1058 1163 1098 ducere
1202 1055 1438 1096 homines
1479 1053 1699 1094 dicendo

114 1133 167 1172 in
197 1131 247 1171 id
278 1129 406 1184 quod
441 1131 585 1169 actor
614 1127 760 1168 uelit.
813 1126 884 1166 sed
915 1140 968 1165 ne
999 1125 1078 1166 hoc
1109 1124 1276 1179 quidem
1305 1122 1407 1162 satis
1430 1124 1493 1162 est
1517 1123 1766 1174 compre—11

116 1199 314 1239 hensum:
347 1196 605 1250 persuadent
635 1195 748 1235 enim
779 1193 956 1234 dicendo
987 1192 1055 1232 uel
1086 1192 1247 1232 ducunt
1277 1191 1322 1230 in
1351 1190 1393 1230 id
1425 1189 1530 1242 quod
1554 1188 1701 1228 uolunt

117 1266 188 1307 alii
226 1279 409 1319 quoque,
448 1265 495 1303 ut
531 1262 795 1315 meretrices,
838 1261 1093 1313 adulatores,
1134 1260 1411 1311 corruptores.
1473 1258 1516 1296 at
1555 1258 1702 1296 contra

115 1347 202 1374 non
233 1331 459 1386 persuadet
489 1345 654 1384 semper
691 1332 852 1382 orator,
894 1331 940 1368 ut
975 1328 1149 1368 interim
1186 1340 1268 1366 non
1311 1326 1366 1365 sit
1402 1323 1596 1377 proprius
1634 1322 1700 1362 hic

120 1402 214 1443 finis
247 1401 349 1452 eius,
383 1398 554 1440 interim
586 1399 641 1438 sit
673 1397 906 1437 communis
939 1411 1032 1436 cum
1063 1395 1133 1447 iis,
1175 1394 1245 1447 qui
1278 1393 1329 1433 ab
1361 1394 1526 1432 oratore
1557 1390 1702 1444 procul

118 1470 284 1510 absunt.
339 1466 454 1520 atqui
486 1480 573 1506 non
603 1464 782 1505 multum
814 1464 866 1504 ab
898 1463 976 1503 hoc
1008 1463 1091 1502 fine
1113 1462 1234 1502 abest
1256 1459 1534 1513 Apollodorus
1557 1457 1701 1498 dicens
1720 1457 1769 1497 12>

115 1535 324 1578 iudicialis
363 1533 566 1574 orationis
604 1534 787 1586 primum
826 1533 867 1571 et
906 1544 1032 1583 super
1069 1530 1211 1569 omnia
1250 1542 1339 1569 esse
1386 1526 1702 1580 persuadere

116 1603 280 1645 iudici
312 1604 361 1642 et
391 1601 717 1642 sententiam
749 1599 859 1639 eius
891 1598 1078 1638 ducere
1110 1596 1160 1636 in
1193 1596 1239 1636 id
1271 1594 1403 1649 quod
1425 1593 1570 1633 uelit.
1604 1606 1701 1632 nam

119 1674 161 1712 et
190 1671 281 1725 ipse
312 1671 522 1710 oratorem
551 1668 749 1708 fortunae
780 1665 946 1718 subicit,
980 1666 1039 1713 ut,
1071 1664 1105 1704 si
1136 1678 1223 1704 non
1246 1661 1515 1717 persuaserit,
1548 1673 1703 1700 nomen

118 1753 240 1780 suum
269 1737 451 1778 retinere
482 1751 569 1776 non
600 1735 744 1789 possit.
797 1733 967 1787 quidam
997 1732 1262 1772 recesserunt
1293 1730 1346 1768 ab
1378 1731 1553 1779 euentu,
1594 1727 1703 1767 sicut
1724 1728 1769 1768 13

120 1805 370 1847 Aristoteles
402 1804 524 1844 dicit:
563 1802 832 1843 rhetorice
872 1802 950 1840 est
987 1800 1066 1839 uis
1096 1796 1411 1838 inueniendi
1449 1794 1621 1836 omnia
1652 1794 1704 1833 in

69 1888 82 1908 ι
120 1873 366 1915 oratione
408 1869 806 1925 persuasibilia.
866 1868 932 1921 qui
974 1867 1071 1907 finis
1111 1868 1153 1906 et
1188 1864 1291 1904 illud
1330 1863 1501 1915 uitium,
1544 1862 1593 1902 de
1625 1874 1705 1914 quo

121 1956 247 1995 supra
279 1939 480 1992 diximus,
521 1938 670 1989 habet,
712 1939 754 1977 et
791 1937 983 1989 insuper,
1024 1933 1133 1987 quod
1164 1932 1270 1972 nihil
1302 1931 1384 1971 nisi
1415 1929 1705 1970 inuentionem

123 2008 423 2063 conplectitur,
465 2020 571 2060 quae
603 2006 693 2045 sine
725 2003 961 2044 elocutione
992 2016 1078 2042 11011
1110 2003 1173 2041 est
1203 1999 1350 2040 oratio.
1401 1997 1704 2051 Hermagorae,
1723 1999 1774 2039 14

121 2077 193 2131 qui
222 2076 351 2116 finem
382 2075 468 2114 eius
500 2087 590 2114 esse
622 2073 681 2112 ait
711 2069 1150 2125 persuasibiliter
1181 2067 1377 2118 dicere,
1419 2068 1460 2104 et
1491 2064 1603 2116 aliis,
1636 2063 1707 2116 qui
1734 2053 1752 2062 x

123 2144 296 2185 eandem
330 2141 600 2193 sententiam,
634 2154 720 2180 non
750 2139 884 2179 isdem
912 2139 1081 2177 tantum
1110 2135 1250 2175 uerbis
1273 2133 1489 2186 ekplicant
1511 2146 1559 2171 ac
1580 2131 1706 2171 finem

123 2226 212 2253 esse
234 2210 539 2261 demonstrant,
573 2208 747 2248 dicere
778 2219 906 2260 quae
937 2205 1183 2258 oporteat
1215 2201 1386 2242 omnia
1417 2199 1474 2240 ad
1496 2212 1705 2253 persua-

123 2279 360 2329 dendum,
392 2277 495 2317 satis
526 2289 773 2329 responsum
804 2276 881 2325 est,
916 2286 1009 2312 cum
1040 2269 1290 2324 persuadere
1319 2282 1406 2308 non
1426 2270 1593 2306 tantum
1617 2279 1705 2305 ora—

213 2362 243 2392 9
273 2343 394 2399 fisis}
422 2358 460 2388 E.
554 2358 606 2387 24.
632 2355 735 2386 Rhet.
766 2357 792 2394 1,
818 2356 850 2385 9.

217 2428 231 2455 1
261 2424 427 2465 paruulos
453 2424 478 2454 Β
572 2423 780 2463 produxerit
805 2439 848 2443 —
875 2419 1138 2451 circumtulerit
1163 2418 1303 2448 malebat
1329 2416 1493 2456 Spalding]
1572 2413 1706 2451 gallica

126 2471 165 2501 A¹
261 2470 394 2509 sulpici
419 2469 499 2499 AB:
526 2468 670 2508 sulpicii
696 2468 716 2497 b
809 2468 828 2498 3
856 2470 910 2497 est
934 2477 993 2498 om,
1014 2467 1038 2495 Τ
1132 2465 1152 2494 4
1179 2462 1356 2502 adspectu
1384 2460 1541 2501 pectoris
1564 2458 1706 2488 Valrlse-

125 2527 208 2547 nster
234 2516 278 2545 ml
305 2515 428 2547 Gallim.
455 2526 488 2553 71.
516 2514 578 2543 196
715 2514 733 2543 5
766 2511 828 2541 ille
855 2511 996 2542 malebat
1022 2510 1206 2549 Spalslingy:
1238 2514 1272 2537 al
1303 2508 1345 2545 (s,
1374 2506 1430 2535 Fr,
1459 2503 1581 2534 ‘lm-alm
1607 2513 1705 2533 verm.

125 2562 298 2599 Schriften
322 2560 383 2595 IV,
404 2562 469 2590 455
563 2557 673 2597 aliqui
700 2556 856 2586 deducta
881 2556 909 2586 A
1002 2555 1189 2585 nudauerit
1218 2553 1246 2582 A
1272 2556 1303 2582 ut
1330 2551 1414 2581 voni.
1435 2549 1618 2587 ›S'sflalrlinsff
1645 2557 1705 2576 uu-

126 2606 280 2636 (lauerat
304 2606 390 2638 Bag
483 2606 499 2634 7
529 2603 668 2633 idoneis
693 2602 745 2640 Bg
772 2604 787 2631 J
807 2612 845 2630 m.
940 2600 1008 2631 sibi
1037 2603 1118 2629 sunt
1143 2598 1212 2628 uisi
1238 2598 1282 2626 A:
1311 2601 1393 2624 sunt
1420 2595 1486 2623 uisi
1515 2593 1583 2622 sihi
1608 2592 1661 2625 Βς

126 2653 145 2682 8
172 2652 423 2681 existimarunt
449 2649 526 2679 AB:
557 2647 859 2678 existimauerunt
885 2653 905 2679 ς
1012 2646 1031 2675 9
1059 2645 1093 2673 111
1122 2643 1274 2672 dicendo
1301 2641 1350 2670 ab
1470 2640 1508 2667 14
1536 2644 1637 2667 actor
1661 2636 1706 2666 A:

128 2702 252 2727 auctor
275 2696 318 2733 B,
352 2699 473 2725 orator
500 2693 538 2724 L.
568 2693 713 2732 Spesque!
741 2691 826 2720 illus.
860 2691 955 2721 rhen.
983 2689 1104 2726 (1503)
1133 2689 1182 2718 IS.
1210 2688 1273 2715 515
1412 2682 1706 2723 comprehensum

126 2742 156 2772 fe.
183 2743 202 2771 l.
231 2746 327 2771 ettam
353 2741 388 2775 Β,
414 2741 476 2770 sed
499 2739 550 2778 Bg
575 2748 664 2769 corr.
692 2747 736 2766 ea·
762 2745 1007 2773 comprensum
1121 2734 1159 2762 10
1186 2734 1223 2760 at
1248 2731 1288 2769 A,
1315 2730 1376 2759 sed
1401 2738 1421 2758 a
1447 2729 1478 2758 in
1505 2738 1572 2757 ras.
1669 2726 1708 2756 18

129 2786 184 2816 his
209 2786 238 2816 A
334 2787 371 2817 19
399 2785 521 2815 absunt
547 2784 575 2813 A
668 2782 708 2811 22
736 2781 812 2820 ipse
838 2781 882 2809 B:
910 2781 1024 2818 ipsum
1051 2778 1107 2807 Ab
1206 2777 1248 2805 24
1276 2773 1476 2803 aristotelis
1502 2771 1542 2802 A¹
1653 2771 1707 2800 uis

128 2831 274 2861 uidendi
302 2830 462 2861 Framim
489 2835 519 2859 el
546 2827 737 2868 Spengjrtl'l.
766 2836 791 2856 (·.
819 2837 850 2863 μ.
871 2826 952 2858 491,
985 2829 1017 2853 ιιι
1050 2828 1098 2851 est
1124 2821 1215 2858 infra
1242 2823 1259 2856 ᾗ·
1289 2820 1345 2853 m,-
1377 2819 1468 2857 alam!
1494 2818 1708 2847 :lt-ixlotelvrn

129 2881 197 2906 est:
223 2875 373 2914 δύναμις
400 2874 482 2914 περὶ
509 2872 663 2904 ἕκαςτον
688 2871 754 2901 τοῦ
782 2870 962 2908 &empnam
988 2867 1032 2897 τὸ
1060 2864 1302 2904 ἐνδεχόμενον
1321 2861 1476 2895 πιθανόν
1568 2863 1611 2892 25
1630 2870 1708 2901 per-

131 2920 328 2951 suadibilia
353 2921 378 2950 Β
471 2921 511 2949 ‘27
540 2922 606 2949 est.
632 2916 758 2947 Oratio
784 2914 940 2950 herman:
967 2913 991 2941 B
1084 2912 1126 2941 28
1154 2909 1203 2939 uit
1228 2910 1255 2938 A
1281 2910 1313 2939 in
1338 2918 1406 2939 ras.
1501 2907 1543 2937 29
1569 2909 1707 2937 tantum

130 2966 207 2995 AB:
233 2969 353 2996 tamen
380 2966 459 2995 dell.
484 2964 585 3004 pauci

1394 3006 1439 3039 7ss
