1939 3180
24 112 108 154 262
550 116 845 158 QUINTILIAM
876 115 996 146 INST.
1031 115 1106 146 on.

0 223 271 281 3permiserit
312 221 456 278 turpia
495 220 750 263 habeantur.
812 219 917 260 illud
963 218 1050 260 iam
1089 218 1291 274 diximus,
1338 219 1499 274 quanto
1537 217 1633 273 plus

26 293 179 337 nitoris
211 294 255 334 et
293 291 431 334 cultus
469 288 834 332 demonstratiuae
872 287 1099 342 materiae,
1141 281 1189 328 ut
1221 287 1274 328 ad
1305 286 1634 328 delectationem

28 360 293 404 audientium
326 358 599 414 compositae,
633 371 775 412 quam,
808 370 916 411 quae
947 356 1049 397 sunt
1079 355 1126 397 in
1147 357 1247 397 actu
1269 357 1311 397 et
1341 354 1632 408 contentione,

27 429 244 472 suasoriae
275 428 580 482 iudicialesque
611 425 881 481 permittant.
1276 477 1280 481 ‚

141 497 236 540 Hoc
268 497 406 538 adhuc
439 495 732 549 adiciendum,
769 494 935 548 aliquas
968 493 1119 547 etiam,
1163 505 1271 547 quae
1302 493 1404 533 sunt
1435 490 1634 547 egregiae
1653 505 1669 531 5

28 566 197 609 dicendi
228 565 425 619 uirtutes,
459 578 541 620 quo
572 563 713 605 minus
746 563 940 616 deceant,
975 561 1089 603 effici
1112 560 1363 602 condicione
1396 574 1634 602 causarum.

0 641 88 682 Jan
119 634 344 690 quisquam
377 633 526 675 tulerit
556 647 676 674 reum
706 631 753 672 in
784 630 1031 673 discrimine
1064 629 1232 684 capitis,
1267 628 1578 684 praecipueque
1601 628 1637 670 si

30 703 142 760 apud
174 703 382 745 uictorem
415 704 457 744 et
487 701 728 757 principem
767 714 844 755 pro
875 713 919 740 se
949 698 1041 753 ipse
1073 698 1209 752 dicat,
1249 697 1466 752 frequenti
1498 699 1636 739 trans-

30 772 203 825 latione,
234 772 346 813 fictis
379 772 452 812 aut
473 770 667 825 repetitis
691 783 741 810 ex
769 769 986 809 uetustate
1008 766 1164 820 uerbis,
1200 766 1508 820 compositione
1529 781 1636 822 quae

31 841 87 882 sit
117 840 300 882 maxime
333 855 357 881 a
388 839 557 894 uulgari
589 853 669 879 usu
700 838 885 891 remota,
924 834 1249 878 decurrentibus
1280 834 1478 889 periodis,
1510 849 1637 890 quam
1658 848 1689 874 ιο

31 908 277 951 laetissimis
308 909 414 950 locis
435 907 746 961 sententiisque
769 904 1013 947 dicentem‘.>
1044 919 1132 946 non
1153 904 1337 959 perdant
1366 902 1472 945 haec
1494 903 1638 944 omnia

31 977 321 1020 necessarium
343 976 606 1032 periclitanti
627 974 930 1017 sollicitudinis
957 973 1139 1016 colorem
1161 972 1477 1027 petendumque
1509 971 1639 1013 etiam

0 1046 335 1095 Jinnocentibus
367 1044 683 1087 misericordiae
715 1042 952 1086 auxilium?
984 1044 1262 1084 moueaturne
1293 1041 1517 1096 quisquam
1549 1040 1638 1082 eius

33 1117 222 1170 fortuna,
256 1129 381 1170 quem
413 1114 624 1156 tumidum
656 1128 706 1154 ac
737 1112 802 1154 sui
833 1113 1070 1153 iactantem
1093 1113 1134 1152 et
1166 1110 1442 1152 ambitiosum
1472 1109 1639 1151 instito-

34 1200 123 1227 rem
155 1183 424 1240 eloquentiae
456 1183 501 1224 in
534 1182 716 1237 ancipiti
739 1183 852 1223 sorte
874 1179 1051 1222 uideat?
1082 1195 1170 1221 non
1201 1179 1330 1220 immo
1353 1178 1490 1220 oderit
1521 1193 1639 1219 reum
1661 1191 1691 1217 15

34 1254 166 1296 uerba
197 1254 487 1308 aucupantem
519 1253 561 1293 et
582 1251 757 1293 anxium
779 1250 829 1291 de
851 1250 967 1291 fama
996 1248 1164 1304 ingenii
1196 1249 1238 1289 et
1271 1247 1337 1289 cui
1369 1262 1460 1289 esse
1482 1247 1640 1289 diserto

0 1321 191 1369 luacet‘?
222 1321 332 1377 quod
364 1321 470 1362 mire
501 1320 560 1362 M.
595 1319 764 1362 Caelius
794 1319 841 1360 in
868 1318 1117 1360 defensione
1150 1330 1316 1371 causae,
1350 1331 1433 1371 qua
1463 1330 1559 1357 reus
1591 1316 1642 1358 de

36 1391 78 1433 ui
108 1391 213 1445 fuit,
256 1389 573 1445 comprendisse
612 1388 781 1430 uidetur
811 1388 937 1429 mihi:
989 1401 1053 1428 ne
1094 1386 1174 1428 cui
1213 1387 1447 1427 uestrum
1487 1386 1641 1440 atque

38 1460 200 1502 etiam
232 1459 482 1513 omnium,
515 1458 601 1514 qui
633 1457 693 1499 ad
724 1472 828 1498 rem
859 1455 1120 1512 agendam
1142 1455 1356 1508 adsunt,
1389 1468 1530 1495 meus
1554 1455 1643 1494 aut

38 1529 217 1571 uultus
250 1527 528 1570 molestior
560 1530 648 1568 aut
679 1541 783 1568 uox
815 1523 1204 1567 inmoderatior
1227 1523 1406 1578 aliqua
1437 1524 1525 1564 aut
1556 1522 1694 1564 ‹le-20

38 1598 217 1653 nique,
260 1596 394 1651 quod
432 1595 706 1637 minimum
745 1597 846 1649 est,
896 1593 1192 1635 iactantior
1237 1593 1424 1648 gestus
1469 1591 1643 1632 fuisse

0 1667 256 1712 2uideatu
268 1681 300 1707 r.
345 1665 463 1720 atqui
495 1666 595 1706 sunt
625 1664 835 1719 quaedam
857 1663 1048 1705 actiones
1078 1662 1125 1703 in
1156 1660 1467 1715 satisfactione,
1500 1660 1645 1715 depre-

41 1735 223 1789 catione,
258 1734 526 1776 confessione
548 1733 733 1789 positae:
767 1731 1095 1776 sententiolisne
1117 1730 1305 1771 fiendum
1328 1729 1440 1770 erit‘?
1472 1728 1645 1784 epipho-

40 1805 214 1845 nemata
246 1805 319 1844 aut
350 1801 675 1858 enthymemata
706 1799 976 1844 exorabunt‘.>
1025 1813 1128 1853 non,
1165 1798 1370 1854 quidquid
1400 1797 1527 1839 meris
1560 1797 1645 1838 adi-

43 1872 177 1915 cietur
199 1871 454 1925 adfectibus,
488 1872 625 1912 omnis
649 1885 795 1912 eorum
817 1869 950 1911 diluet
971 1868 1075 1910 uiris
1107 1870 1148 1909 et
1179 1867 1499 1909 miserationem
1530 1880 1645 1907 secu-
1665 1878 1698 1903 25

3 1941 173 1988 3ritate
204 1939 400 1982 laxabit?
432 1954 526 1995 age,
561 1940 593 1981 si
629 1940 678 1980 de
700 1941 836 1980 morte
867 1938 944 1979 filii
976 1937 1040 1979 sui
1071 1936 1139 1978 uel
1170 1935 1340 1990 iniuria,
1373 1949 1480 1990 quae
1511 1936 1646 1976 morte

43 2011 100 2051 sit
138 2008 333 2065 grauior,
382 2008 610 2050 dicendum
648 2007 761 2063 patri
799 2007 949 2061 fuerit,
992 2008 1065 2047 aut
1109 2005 1155 2046 in
1199 2003 1414 2046 narrando
1460 2003 1648 2059 gratiam

44 2078 164 2120 illam
196 2077 495 2133 expositionis,
537 2091 645 2132 quae
685 2076 910 2131 continget
941 2089 991 2116 ex
1022 2087 1217 2115 sermone
1248 2087 1354 2128 puro
1386 2074 1512 2127 atque
1544 2072 1648 2113 dilu-

46 2147 163 2201 cido,
206 2149 403 2202 quaeret,
443 2146 633 2187 breuiter
672 2160 721 2187 ac
760 2143 1058 2200 significanter
1096 2141 1289 2183 ordinem
1327 2141 1388 2183 rei
1419 2140 1648 2196 protulisse

47 2217 296 2270 contentus,
339 2218 413 2257 aut
451 2216 708 2271 argumenta
746 2213 916 2254 diducet
957 2212 1001 2253 in
1041 2210 1198 2266 digitos
1230 2212 1272 2252 et
1310 2208 1649 2265 propositionum
1669 2222 1701 2247 30

47 2300 96 2326 ac
127 2284 410 2340 partitionum
443 2283 635 2339 captabit
655 2282 844 2337 leporem
869 2283 924 2336 et,
958 2282 1006 2321 ut
1036 2280 1283 2334 plerumque
1314 2278 1361 2320 in
1390 2278 1470 2319 hoc
1493 2292 1650 2333 genere

140 2392 156 2422 1
182 2390 348 2433 permisit
372 2393 397 2422 t.
425 2388 660 2421 habebuntur
684 2389 718 2419 M
856 2389 875 2418 5
902 2385 1133 2418 adiciendum
1160 2385 1198 2416 b:
1224 2383 1444 2416 audiendum
1468 2383 1537 2414 ΒΜ

47 2438 66 2468 6
93 2436 193 2468 effici
218 2437 303 2467 BM:
330 2435 453 2468 officio
479 2436 500 2466 b
595 2433 806 2466 conditione
833 2433 881 2463 Bn
983 2433 1001 2464 7
1026 2427 1301 2474 praecipueque
1329 2430 1360 2461 si
1386 2430 1423 2460 b:
1452 2428 1651 2471 praecipue

47 2483 130 2524 quis
154 2483 223 2514 BM
361 2483 381 2514 8
407 2480 503 2523 apud
528 2480 709 2512 uictorem
735 2482 790 2511 tot
815 2478 978 2519 gentium
1004 2476 1176 2519 populum
1204 2480 1266 2507 aut
1292 2476 1492 2517 principem
1526 2474 1655 2516 Teuffel

48 2530 80 2560 in
105 2528 223 2560 ,lala-b.
247 2528 277 2569 f.
302 2528 422 2559 Pleilol.
445 2528 532 2558 1564
552 2538 589 2568 p.
609 2527 677 2557 842
787 2523 1032 2567 principalem
1058 2524 1078 2553 b
1172 2523 1252 2563 ipse
1277 2522 1303 2553 B
1329 2521 1379 2553 bis
1404 2521 1504 2552 leuben
1599 2519 1653 2550 di-

50 2577 137 2605 cant
162 2574 183 2605 b
277 2573 478 2605 tralatione
502 2572 528 2603 B
623 2573 642 2603 9
670 2581 763 2612 quae
792 2573 875 2601 sunt
900 2571 920 2600 b
1018 2570 1057 2601 10
1083 2567 1270 2610 perhiodis
1295 2568 1320 2598 B
1441 2568 1480 2598 13
1507 2575 1652 2597 mouea-

50 2622 154 2651 turne
180 2619 267 2650 BM:
296 2622 618 2650 commoueaturne
644 2617 665 2647 b
761 2617 802 2648 14
830 2616 939 2647 etiam
967 2614 1141 2646 uitiosum
1167 2614 1187 2644 b
1283 2614 1323 2644 16
1349 2614 1592 2654 occupantem
1618 2611 1653 2640 M

142 2667 178 2696 et
204 2664 381 2697 auxilium
408 2665 428 2695 b
529 2663 657 2705 ingeni
681 2663 707 2693 B
815 2664 854 2694 17
882 2662 929 2692 M.
949 2662 986 2692 b:
1014 2671 1075 2692 om.
1102 2660 1171 2690 ΒΜ
1266 2658 1381 2690 celius
1406 2659 1427 2688 b
1524 2658 1563 2688 19
1590 2655 1654 2687 ad-

49 2711 205 2743 sumeris
232 2714 294 2743 aut
318 2711 354 2741 M
471 2710 512 2741 21
539 2709 725 2740 minimum
750 2709 771 2739 b
797 2712 832 2739 ut
857 2708 943 2739 coni.
972 2706 1140 2738 Rollimcs:
1172 2704 1321 2736 nimium
1346 2704 1415 2734 ΒΜ
1532 2703 1574 2733 22
1599 2701 1651 2733 ui-

50 2757 208 2788 deantur
232 2757 253 2787 b
346 2757 389 2787 23
417 2755 486 2787 erit
511 2772 555 2777 —-
580 2753 762 2786 adicietur
788 2764 850 2785 om.
875 2754 911 2783 M
1007 2750 1238 2794 epiphonena
1262 2751 1284 2781 b
1400 2749 1443 2780 24
1469 2747 1608 2778 meritis
1634 2747 1654 2776 b

142 2804 184 2835 25
211 2812 373 2834 errorum
399 2800 513 2833 diluet
537 2800 636 2832 uires
661 2801 682 2830 b
776 2800 818 2831 26
845 2798 986 2831 laxauit
1010 2798 1042 2836 b,
1069 2796 1256 2828 laxabitur
1280 2796 1314 2825 M
1406 2795 1448 2826 ⁶28
1475 2793 1541 2824 illa
1566 2793 1586 2822 b

53 2848 269 2889 contingent
294 2848 359 2878 Mb
452 2845 616 2878 dilucida
643 2847 688 2887 (Τι’
716 2848 752 2877 ct
776 2846 797 2876 b
891 2846 933 2877 29
960 2854 997 2875 re
1022 2844 1043 2874 b
1137 2841 1333 2884 pertulisse
1351 2840 1422 2871 BM
1515 2840 1557 2870 30
1583 2848 1654 2869 non

54 2895 250 2924 contentus
270 2892 439 2934 Spaldz'nq
463 2896 555 2924 recte
582 2892 801 2923 dissentiente
821 2890 1009 2922 Enderlitzo
1036 2890 1069 2920 in
1087 2888 1266 2920 Commeat.
1285 2887 1325 2917 de
1344 2886 1417 2917 cod.
1436 2884 1555 2916 Bamb.
1579 2883 1654 2921 Ill,

50 2950 87 2980 p.
107 2940 139 2979 9,
165 2939 242 2969 item
266 2939 432 2970 Aleistero
458 2939 492 2970 in
517 2938 638 2969 Plzz'lol.
659 2937 711 2974 18,
736 2948 770 2979 p.
791 2938 857 2969 518
929 2935 1086 2968 deducet
1109 2934 1157 2974 M,
1184 2932 1294 2964 ducet
1319 2932 1339 2962 b
1415 2931 1452 2962 in
1478 2930 1611 2963 (licitos
1636 2931 1657 2961 b

145 2983 184 3015 31
214 2984 381 3025 captauit
404 2984 437 3023 b,
466 2983 635 3025 captabis
660 2984 696 3013 M
