1939 3228
744 138 805 169 xL
855 135 886 181 1,
908 134 1080 167 59—69.
1623 124 1707 167 265

120 242 305 284 dicturos
341 241 607 295 testandum,
648 242 715 294 ut,
756 240 922 282 etiamsi
960 254 1049 281 non
1086 253 1308 295 possumus
1345 252 1421 293 non
1462 238 1707 292 conuiciari,

119 310 233 352 nolle
270 310 501 352 uideamur.
563 309 713 362 etiam,
754 308 790 349 si
828 308 928 363 quid
966 307 1234 349 obiciendum
1275 307 1375 361 erit,
1419 306 1605 348 officium
1644 308 1709 347 est

119 378 304 434 patroni,
337 377 457 419 ut'id
487 376 573 418 filio
604 377 762 430 inuito,
796 376 869 417 sed
898 376 980 416 fide
1012 377 1191 431 cogente
1220 375 1362 417 facere
1395 374 1608 416 credatur:
1647 374 1708 415 ita

119 446 276 501 poterit
306 448 481 500 uterque
511 444 690 486 laudari.
732 444 841 498 quod
863 443 912 484 de
942 445 1078 484 matre
1111 443 1210 497 dixi,
1244 443 1294 484 de
1325 444 1500 497 utroque
1530 443 1708 497 parente
1722 441 1775 482 66

87 514 415 569 5accipiendum
446 515 530 554 est:
570 527 671 554 nam
700 512 813 553 inter
842 513 985 566 patres
1024 511 1152 552 etiam
1193 511 1407 565 filiosque,
1449 525 1544 551 cum
1580 510 1709 550 inter-

120 582 308 623 uenisset
347 580 653 635 emancipatio,
692 580 911 635 litigatum
952 579 1052 621 scio.
1113 579 1159 620 in
1200 578 1293 620 aliis
1332 593 1495 633 quoque
1537 578 1708 633 propin-

121 650 355 705 quitatibus
398 648 719 691 custodiendum
758 650 843 702 est,
891 649 937 688 ut
974 647 1101 688 inuiti
1139 649 1180 688 et
1223 646 1461 688 necessario
1500 648 1542 687 et
1582 660 1708 700 parce

119 717 352 759 iudicemur
383 717 551 770 dixisse,
583 716 722 771 magis
754 718 895 757 autem
926 717 998 756 aut
1027 718 1184 768 minus,
1230 716 1278 755 ut
1317 714 1464 769 cuique
1502 728 1709 768 personae

126 785 301 827 debetur
330 786 585 827 reuerentia.
628 784 774 825 eadem
804 798 881 838 pro
911 783 1076 824 libertis
1107 782 1307 824 aduersus
1337 784 1540 836 patronos
1571 781 1709 822 obser-

71 866 103 891 10
121 854 282 895 nantia.
344 856 398 906 et*
423 856 469 894 ut
514 852 642 894 semel
664 852 801 906 'plura
849 851 1114 906 conplectar,
1161 865 1392 904 numquam
1438 849 1605 891 decebit
1649 849 1709 890 sic

122 922 323 963 aduersus
353 921 461 962 tales
493 935 619 976 agere
649 934 865 975 personas,
899 919 1103 974 quomodo
1126 920 1273 960 contra
1304 932 1380 959 nos
1413 917 1483 973 agi
1505 917 1558 959 ab
1578 916 1711 958 homi-

121 989 246 1031 nibus
280 989 541 1030 condicionis
573 988 757 1029 eiusdem
789 988 934 1042 iniquo
974 987 1114 1028 animo
1155 986 1408 1027 tulissemus,
1470 987 1711 1040 praestatur
1724 986 1775 1027 67

121 1058 199 1099 hoc
239 1057 465 1112 aliquando
505 1056 633 1098 etiam
672 1055 1015 1111 dignationibus,
1055 1057 1101 1096 ut
1138 1054 1349 1095 libertatis
1388 1056 1559 1095 nostrae
1601 1053 1709 1094 ratio

121 1125 341 1179 reddatur,
380 1139 434 1166 ne
465 1125 557 1180 quis
588 1138 665 1165 nos
697 1127 769 1165 aut
798 1123 1041 1178 petulantes
1074 1123 1118 1163 in
1149 1122 1363 1174 laedendis
1394 1123 1445 1163 iis
1477 1124 1550 1162 aut
1581 1121 1710 1162 etiam

72 1205 103 1230 15
122 1193 368 1235 ambitiosos
414 1195 547 1248 putet.
610 1192 753 1247 itaque
799 1191 967 1246 Cicero,
1016 1206 1270 1246 quamquam
1316 1192 1407 1231 erat>
1451 1189 1496 1230 in
1542 1189 1711 1231 Cottam

121 1261 372 1317 grauissime
418 1261 606 1302 dicturus
652 1275 787 1315 neque
832 1260 956 1301 aliter
995 1260 1067 1314 agi
1103 1259 1151 1300 P.
1194 1258 1322 1313 Oppii
1363 1272 1488 1299 causa
1527 1259 1708 1312 poterat,

121 1330 251 1384 longa
288 1331 433 1370 tamen
470 1329 736 1384 praefatione
768 1330 987 1370 excusauit
1018 1327 1147 1368 officii
1179 1327 1242 1368 sui
1281 1326 1594 1367 necessitatem.
1638 1325 1711 1366 ali-
1725 1325 1778 1367 68

121 1398 290 1453 quando
331 1397 460 1439 etiam
496 1397 770 1439 inferioribus
810 1397 1117 1451 praecipueque
1164 1394 1492 1436 adulescentulis
1537 1408 1710 1449 parcere

123 1467 197 1507 aut
227 1466 362 1506 uideri
393 1466 527 1508 decet.
570 1466 705 1507 utitur
734 1464 815 1506 hac
846 1463 1135 1506 moderatione
1167 1462 1313 1505 Cicero
1343 1477 1419 1517 pro
1442 1462 1582 1505 Caelio
1615 1477 1711 1504 0011-

29 1544 31 1547 ⁴
71 1550 104 1574 20
122 1536 189 1575 tra
221 1534 481 1588 Atratinum,
514 1537 561 1574 ut
592 1548 686 1575 eum
716 1548 803 1574 non
833 1533 1003 1574 inimice
1036 1532 1266 1586 corripere,
1306 1531 1377 1572 sed
1408 1545 1544 1585 paene
1574 1531 1711 1585 patrie

122 1615 294 1643 monere
325 1602 538 1643 uideatur:
570 1616 670 1642 nam
702 1603 743 1643 et
773 1601 928 1642 nobilis
951 1603 1003 1642 et*
1022 1600 1187 1641 iuuenis
1220 1602 1259 1641 et
1282 1614 1366 1641 non
1390 1599 1548 1640 iniusto
1571 1598 1711 1640 dolore

123 1672 301 1710 uenerat
332 1669 385 1710 ad
416 1670 716 1711 accusandum.

237 1737 318 1779 Sed
348 1738 393 1779 in
423 1738 488 1779 his
519 1738 702 1793 quidem,
734 1738 780 1778 in
811 1738 962 1792 quibus
994 1737 1061 1777 uel
1092 1736 1219 1777 iudici
1252 1736 1315 1777 uel
1350 1736 1476 1777 etiam
1507 1735 1712 1776 adsisten-

122 1805 235 1846 tibus
265 1806 375 1847 ratio
404 1808 575 1847 nostrae
606 1805 908 1847 moderationis
939 1805 1111 1859 probari
1142 1805 1278 1858 debet,
1310 1805 1448 1845 minor
1479 1805 1543 1844 est
1573 1803 1712 1844 labor:

73 1889 104 1915 25
123 1873 210 1914 illic
241 1873 334 1928 plus
366 1873 655 1927 difficultatis,
696 1874 767 1914 ubi
797 1874 931 1927 ipsos,
966 1875 1113 1914 contra
1145 1887 1248 1927 quos
1280 1872 1479 1926 dicimus,
1519 1886 1713 1912 ueremur

124 1941 347 1982 offendere.
409 1941 515 1983 duae
546 1941 671 1983 simul
701 1941 942 1982 huiusmodi
974 1955 1179 1995 personae
1202 1940 1393 1983 Ciceroni
1426 1955 1503 1994 pro
1534 1939 1714 1980 Murena
1727 1940 1780 1981 69

123 2009 282 2050 dicenti
313 2009 584 2063 obstiterunt,
617 2010 674 2050 M.
699 2009 870 2052 Catonis
904 2008 1106 2063 Seruique
1139 2008 1313 2063 Sulpici.
1357 2023 1484 2062 quam
1515 2008 1714 2049 decenter

123 2080 268 2118 tamen
300 2076 499 2132 SulpiciO,
535 2092 629 2119 cum
660 2092 805 2119 omnes
838 2077 1114 2118 concessisset
1145 2076 1345 2130 uirtutes,
1386 2076 1611 2117 scientiam
1642 2090 1746 2130 pe-x

122 2145 240 2186 tendi
273 2145 517 2188 consulatus
549 2146 725 2186 ademit!
763 2146 862 2200 quid
895 2146 1006 2186 enim
1038 2144 1152 2186 aliud
1185 2147 1313 2198 esset,
1357 2159 1437 2198 quo
1478 2158 1520 2184 se
1552 2144 1714 2184 uictum

73 2230 105 2255 30
122 2211 248 2253 homo
286 2213 441 2254 nobilis
480 2215 521 2254 et
558 2213 660 2255 iuris
701 2214 881 2255 antistes
912 2213 1049 2267 magis
1086 2212 1248 2253 ferret?
1298 2214 1344 2252 ut
1374 2226 1472 2252 uero
1504 2213 1714 2252 rationem

123 2279 382 2321 defensionis
404 2295 504 2322 suae
526 2281 719 2335 reddidit,
753 2296 846 2322 cum
868 2296 911 2322 se
933 2280 1142 2322 studuisse
1163 2280 1361 2334 petitioni
1384 2279 1543 2333 Sulpici
1568 2282 1714 2319 contra

217 2430 232 2459 1
259 2428 403 2461 dicturo
427 2431 489 2460 Mb
583 2440 654 2462 non
680 2431 813 2462 addidit
839 2430 970 2462 Badias
1064 2429 1258 2461 conuitiari
1282 2429 1334 2468 Bg
1441 2431 1460 2461 3
1486 2431 1526 2459 ut
1550 2428 1625 2460 filio
1651 2438 1714 2460 suo

124 2473 241 2506 inuito
266 2475 301 2504 M
417 2476 436 2506 6
463 2477 720 2517 emancupatio
746 2477 766 2507 b
881 2475 1050 2517 litigatus
1075 2476 1138 2506 Mb
1260 2476 1277 2506 7
1304 2484 1416 2516 parce
1444 2475 1583 2516 Ir'eyz'zzs:
1610 2476 1714 2515 parte

124 2520 203 2551 libri
317 2521 336 2551 9
361 2519 548 2552 libertatis
572 2522 636 2551 Mb
750 2523 923 2563 patronos
948 2522 987 2551 b:
1014 2524 1189 2563 patronus
1214 2521 1261 2560 M,
1288 2530 1352 2551 nos
1377 2520 1415 2559 B,
1442 2521 1505 2550 sed
1528 2520 1576 2549 Bn
1601 2520 1714 2560 spalio

126 2575 233 2596 uacuo
258 2569 336 2596 ante
362 2576 427 2597 nos
452 2567 569 2598 relicto
666 2568 706 2598 10
731 2567 784 2598 sic
809 2567 853 2597 13:
879 2566 910 2597 si
935 2567 997 2597 Mb
1108 2568 1147 2598 13
1174 2565 1450 2608 dignationibus
1476 2565 1519 2595 B:
1547 2564 1592 2597 al.
1622 2563 1656 2605 (ἱ.
1684 2574 1711 2595 e.

127 2609 191 2642 alii
216 2613 270 2642 uel
294 2610 403 2651 alias)
431 2611 671 2652 dignitatibus
697 2613 729 2651 b,
756 2611 852 2643 alias
879 2611 1118 2653 dignitatibus
1144 2613 1179 2641 M
1275 2612 1314 2641 14
1341 2613 1403 2641 aut
1428 2611 1470 2644 B:
1498 2613 1537 2641 ut
1562 2611 1623 2640 Mb

127 2656 180 2687 eis
204 2656 266 2686 Mb
360 2659 424 2688 aut
447 2657 530 2687 Mb:
558 2660 678 2688 autem
704 2657 729 2687 B
825 2658 865 2688 15
890 2661 994 2698 putes
1021 2658 1082 2688 Mb
1179 2658 1218 2688 18
1244 2656 1440 2697 praecipue
1466 2657 1502 2685 Μ
1596 2656 1636 2686 19
1663 2655 1715 2685 ui-

126 2700 211 2732 dere
236 2702 281 2740 M,
310 2701 447 2734 mederi
472 2703 549 2734 edd.
577 2707 654 2735 nell.
680 2707 717 2733 at
739 2707 831 2733 recle
855 2701 1041 2744 Spaldiny:
1067 2701 1172 2734 decet
1198 2705 1260 2732 aut
1286 2711 1436 2743 parcere
1464 2703 1528 2732 aut
1553 2700 1715 2742 speciem

127 2749 224 2777 certe
250 2746 386 2778 habere
412 2748 598 2789 parcentis
700 2749 742 2779 20
767 2747 885 2789 patrio
911 2758 1007 2779 more
1034 2749 1119 2779 coni.
1149 2747 1298 2778 Burman
1414 2748 1453 2777 21
1482 2745 1626 2777 mobilis
1651 2746 1715 2776 Mb

216 2792 259 2823 23
284 2791 344 2823 uel
370 2792 463 2831 (ante
488 2792 615 2832 iudici)
642 2794 684 2823 B:
710 2803 753 2825 ue
779 2794 812 2832 b,
838 2803 883 2823 ne
908 2794 944 2823 M
1061 2792 1324 2823 adsistentilms
1349 2792 1390 2822 B:
1419 2791 1626 2823 astantibus
1651 2792 1714 2822 Mb

218 2838 261 2868 24
286 2839 403 2869 oratio
428 2838 498 2868 ΒΜ
591 2842 647 2869 est
671 2839 750 2869 Mb:
778 2849 838 2870 om.
863 2838 888 2867 B
994 2840 1035 2869 ²25
1062 2837 1299 2868 defficultatis
1325 2837 1387 2877 Bg,
1414 2836 1627 2868 difficultati
1651 2837 1715 2869 Mb

217 2882 258 2913 27
285 2882 497 2914 obstiterint
522 2885 557 2913 M
672 2884 713 2915 28
741 2883 967 2915 concessisse
993 2884 1055 2914 Mb
1171 2884 1214 2914 30
1241 2882 1427 2913 antistites
1453 2882 1473 2912 b
1572 2886 1611 2912 ut.
1636 2892 1715 2913 uer-

128 2925 236 2957 beror
259 2928 439 2959 actionem
463 2930 495 2968 b,
523 2939 629 2960 ueror
653 2929 759 2961 beror
785 2928 934 2961 actioni-1
960 2929 995 2958 M
1066 2929 1106 2961 31
1135 2927 1292 2960 studissc
1316 2928 1384 2957 ΒΜ
1410 2933 1518 2966 (corr,
1545 2929 1577 2959 z'7z
1603 2925 1668 2970 Bg)

128 2970 258 3012 sulpici
282 2972 325 3004 B:
351 2972 546 3015 sulpicioni
570 2975 635 3004 Mb
