1987 3212
240 114 320 155 158
764 121 1061 161 QUINTILIANI
1091 122 1211 153 INST.
1248 123 1321 152 011.

237 225 493 268 naturaliter
524 225 635 278 apud
666 224 873 279 plurimos
905 224 1000 279 plus
1031 225 1175 266 ualeat
1205 225 1414 266 malorum
1444 225 1572 267 timor
1600 241 1728 281 quam
1750 241 1845 282 spes

238 295 464 347 bonorum,
515 292 626 333 sicut
663 292 832 334 facilior
871 292 1026 334 eisdem
1067 293 1258 348 turpium
1305 307 1430 348 quam
1470 293 1746 336 honestorum
1782 296 1846 337 in—

169 363 219 404 41
237 362 434 404 tellectus
467 363 544 402 est.
607 360 836 416 aliquando
869 361 991 402 bonis
1023 376 1190 416 quoque
1220 361 1454 403 suadentur
1494 377 1644 416 parum
1676 363 1843 417 decora,

238 431 394 471 dantur
424 444 575 484 parum
608 429 730 470 bonis
763 429 954 483 consilia,
987 430 1034 471 in
1065 428 1229 485 quibus
1248 427 1461 484 ipsorum,
1495 431 1567 485 qui
1600 431 1843 486 consulunt,

237 500 456 554 spectatur
494 498 674 539 utilitas.
734 512 814 539 nec
845 512 913 539 me
942 497 1078 552 fallit,
1122 513 1230 553 quae
1270 499 1416 539 statim
1459 499 1665 554 cogitatio
1704 500 1880 541 subiref,

167 568 223 608 42
239 567 372 622 possit
402 567 641 622 legentem:
681 566 763 608 hoc
802 581 904 621 ergo
943 566 1156 621 praecipis
1189 569 1231 608 et
1261 566 1342 608 hoc
1372 567 1440 608 fas
1471 568 1628 622 putas?
1677 570 1847 622 poterat

236 650 302 677 me
334 636 515 677 liberare
547 635 717 688 Cicero,
757 635 828 690 qui
858 635 920 676 ita
951 635 1101 676 scribit
1132 634 1184 676 ad
1217 634 1399 691 Brutum
1430 636 1684 691 praepositis
1716 637 1845 692 pluri-

236 704 330 758 mis,
364 719 472 759 quae
503 703 682 745 honeste
714 703 882 745 suaderi
915 704 1087 746 Caesari
1119 703 1306 758 possint:
1348 705 1515 746 simne
1546 704 1711 746 bonus
1742 706 1790 747 ui
1801 721 1843 760 r,

236 773 278 814 si
324 772 454 814 haec
496 771 774 814 suadeam?
823 772 1051 813 minime.
1126 772 1364 813 suasoris
1408 774 1542 814 enim
1591 774 1723 815 finis
1766 778 1846 815 est

237 841 455 882 utilitas
489 842 623 895 eius,
658 840 739 882 0111
771 841 994 895 quisque
1026 841 1226 882 suadet.
1280 842 1332 881 at
1363 843 1512 883 recta
1544 844 1688 884 sunt:
1729 843 1898 897 quism

236 910 430 965 negat?
469 910 556 951 sed
587 924 691 951 non
729 911 809 950 est
848 924 1052 963 semper
1090 909 1254 951 rectis
1294 909 1347 950 in
1386 910 1652 961 suadendo
1683 911 1842 953 locus.

237 979 310 1019 sed
348 979 447 1033 quia
489 980 554 1019 est
593 978 719 1019 altior
759 978 952 1032 quaestio
991 993 1071 1019 nec
1110 980 1282 1019 tantum
1315 978 1367 1019 ad
1399 979 1611 1020 suasorias
1641 979 1843 1034 pertinet,

237 1047 477 1088 destinatus
510 1049 574 1088 est
605 1046 711 1087 mihi
750 1047 866 1087 locus
908 1046 1178 1100 duodecimo,
1219 1046 1291 1101 qui
1331 1061 1518 1089 summus
1557 1048 1727 1089 futurus
1766 1053 1876 1102 est,-

166 1117 221 1158 43
236 1115 355 1157 libro.
418 1129 497 1156 nec
537 1130 616 1170 ego
655 1114 886 1170 quidquam
925 1115 1017 1156 fieri
1055 1115 1239 1169 turpiter
1277 1115 1418 1156 uelim.
1486 1107 1634 1156 uerum
1671 1116 1845 1157 interim

236 1184 342 1225 haec
373 1184 440 1225 uel
474 1184 527 1224 ad
559 1183 801 1225 scholarum
833 1183 1159 1225 exercitationes
1199 1184 1414 1238 pertinere
1455 1185 1703 1226 credantur:
1745 1200 1845 1229 nam
1868 1201 1896 1224 15

166 1254 221 1294 44
237 1255 278 1294 et
308 1253 551 1307 iniquorum
581 1252 692 1293 ratio
723 1252 941 1293 noscenda
972 1254 1049 1306 est,
1084 1254 1131 1293 ut
1162 1252 1313 1293 melius
1346 1267 1480 1307 aequa
1513 1255 1723 1294 tueamur.
1782 1254 1846 1294 in-

235 1322 362 1362 terim
394 1322 426 1361 si
461 1321 554 1376 quis
586 1321 697 1362 bono
728 1320 958 1362 inhonesta
999 1321 1217 1374 suadebit,
1260 1321 1504 1362 meminerit
1541 1336 1629 1362 non
1669 1322 1845 1363 suadere

235 1393 456 1445 tamquam
486 1389 730 1443 inhonesta,
765 1392 812 1430 ut
844 1389 1015 1444 quidam
1048 1389 1357 1430 declamatores
1390 1389 1564 1432 Sextum
1595 1390 1845 1445 Pompeium

237 1459 287 1500 ad
319 1459 547 1514 piraticam
578 1460 753 1512 propter
784 1457 863 1499 hoc
894 1458 1047 1512 ipsum,
1082 1459 1193 1512 quod
1223 1458 1362 1513 turpis
1394 1461 1436 1500 et
1464 1458 1644 1500 crudelis
1667 1459 1736 1513 sit,
1769 1459 1845 1499 im-

236 1527 416 1582 pellunt,
450 1527 522 1568 sed
554 1526 719 1567 dandus
750 1526 834 1567 illis
866 1526 1127 1567 deformibus
1160 1527 1274 1568 color
1304 1527 1429 1582 idque
1461 1527 1591 1568 etiam
1624 1527 1736 1582 apud
1758 1542 1844 1569 ma-
1866 1543 1897 1567 ρο

166 1596 320 1638 4510οε
359 1610 498 1650 neque
538 1596 652 1636 enim
692 1595 915 1650 quisquam
948 1597 1012 1636 est
1043 1597 1131 1636 tam
1163 1595 1321 1649 malus,
1361 1598 1409 1637 ut
1439 1595 1574 1637 uideri
1607 1597 1724 1637 uelit,
1784 1597 1844 1637 sic

236 1664 425 1706 (1011111110υ
466 1665 578 1719 apud
618 1664 868 1706 Sallustium
908 1663 1117 1718 loquitur,
1159 1666 1207 1705 ut
1246 1679 1334 1705 rem
1374 1664 1720 1706 scelestissimam
1757 1680 1845 1706 non

235 1734 420 1787 malitia,
472 1734 544 1774 sed
590 1732 890 1788 indignatione
942 1732 1138 1773 uideatur
1185 1733 1360 1774 audere:
1419 1733 1480 1774 sic
1525 1733 1683 1774 Atreus
1734 1734 1845 1788 apud

239 1802 413 1843 Varium

779 1871 879 1910 iam
910 1870 1023 1911 fero
1055 1869 1195 1925 inquit
1226 1870 1629 1925 infandissima,
1864 1886 1896 1910 25
1928 1890 1937 1900 ν

298 1988 300 1991 v
376 1940 476 1980 iam
508 1939 687 1980 facere
721 1952 896 1993 cogor.

235 2010 396 2062 quanto
428 2009 566 2063 magis
600 2007 673 2061 eis,
707 2007 860 2061 quibus
893 2021 992 2047 cura
1021 2007 1162 2048 famae
1193 2008 1297 2061 fuit,
1333 2007 1650 2049 conseruandus
1682 2010 1746 2049 est
1774 2007 1844 2049 hic

168 2076 355 2119 46uelut
393 2077 593 2118 ambitus.
654 2090 784 2131 quare
824 2077 889 2129 et,
933 2089 1025 2116 cum
1065 2075 1260 2117 Ciceroni
1301 2076 1495 2117 dabimus
1536 2075 1759 2117 consilium
1797 2080 1845 2118 ut

236 2145 475 2186 Antonium
505 2147 649 2201 roget,
690 2144 759 2185 uel
791 2143 920 2184 etiam
952 2146 999 2184 ut
1029 2144 1315 2199 Philippicas,
1359 2144 1420 2185 ita
1451 2145 1583 2185 uitam
1615 2145 1844 2199 pollicente

236 2228 297 2267 00,
333 2215 496 2267 exurat,
529 2228 617 2255 non
641 2213 919 2268 cupiditatem
940 2212 1047 2253 lucis
1071 2213 1365 2267 adlegabimus
1389 2213 1513 2267 (haec
1535 2213 1648 2254 enim
1669 2214 1704 2254 si
1728 2214 1845 2255 ualet
1863 2230 1895 2253 30

234 2282 279 2322 in
319 2282 462 2323 animo
501 2283 612 2336 eius,
654 2280 899 2323 tacentibus
939 2294 1103 2335 quoque
1142 2282 1265 2322 nobis
1304 2281 1460 2337 ualet),
1501 2281 1573 2322 sed
1613 2283 1660 2322 ut
1700 2296 1743 2322 se
1782 2282 1843 2323 rei

167 2352 219 2391 *17
236 2350 433 2403 publicae
466 2352 608 2391 seruet
638 2350 920 2391 hortabimur.
973 2348 1054 2389 hac
1085 2349 1147 2390 illi
1179 2364 1284 2404 opus
1317 2351 1381 2390 est
1403 2350 1640 2404 occasione,
1673 2365 1727 2391 110
1749 2366 1844 2391 011111

238 2418 388 2459 talium
419 2433 593 2473 precum
625 2419 795 2473 pudeat.
850 2420 892 2458 et
914 2417 958 2459 C.
985 2417 1156 2459 Caesari
1189 2418 1416 2459 suadentes
1447 2433 1628 2473 regnum
1650 2419 1844 2459 adfirma-

236 2486 393 2540 bimus,
444 2489 556 2529 stare
595 2488 681 2528 iam
721 2501 809 2527 rem
848 2486 1066 2540 publicam
1107 2487 1189 2527 nisi
1230 2502 1315 2527 uno
1361 2488 1538 2541 regente
1577 2502 1663 2528 non
1702 2502 1840 2541 posse.

327 2630 357 2658 S.
387 2628 422 2657 in
450 2627 557 2668 epist.
585 2626 787 2669 deperdita.
886 2627 939 2659 22.
969 2636 998 2659 c,
1026 2627 1079 2659 ⁶20.

326 2753 346 2782 4
372 2752 505 2784 dantur
530 2770 573 2774 —-
598 2752 703 2783 bonis
730 2763 791 2784 om.
818 2752 848 2782 A
942 2752 960 2782 7
986 2751 1209 2792 praepositis
1233 2748 1312 2782 Aft:
1341 2751 1538 2792 propositis
1565 2752 1641 2782 edd.
1670 2756 1748 2783 nell.

240 2798 279 2825 11)
306 2800 343 2827 at
370 2798 502 2829 ABnb:
530 2809 573 2829 ac
599 2798 651 2838 Bg
730 2799 770 2829 18
796 2801 981 2838 tamquam
999 2798 1027 2827 A
1105 2798 1146 2827 22
1174 2796 1335 2837 loquitur
1359 2808 1418 2828 om.
1444 2798 1464 2827 b
1536 2797 1838 2829 scelestissimam

237 2842 283 2871 A:
311 2842 632 2874 sceleratissimam
659 2844 714 2877 Βς
808 2845 850 2874 ‘23
878 2845 1002 2874 atreus
1027 2843 1056 2872 A
1080 2844 1113 2873 in
1138 2852 1209 2875 ras.
1235 2843 1373 2874 minoris
1397 2843 1503 2882 spatii
1593 2844 1636 2874 27
1663 2844 1713 2874 cis
1738 2843 1766 2873 A

239 2896 324 2917 cura
352 2888 473 2919 famae
500 2890 630 2920 ABnb:
662 2899 769 2920 curae
798 2888 896 2920 fania
922 2889 974 2928 Bg
993 2890 1010 2919 1
1029 2899 1067 2919 m.
1091 2888 1133 2927 (2²)
1228 2890 1271 2919 28
1297 2887 1400 2919 uelut
1426 2888 1615 2921 francias.-
1639 2887 1698 2919 ue]
1725 2889 1788 2919 AB

238 2931 441 2964 dabinmxA
566 2937 608 2965 29
637 2934 820 2975 lilippicas
845 2935 873 2964 A
990 2938 1032 2965 311
1057 2944 1127 2965 11011
1153 2952 1195 2957 —
1223 2933 1328 2965 ualet
1352 2934 1380 2963 A
1405 2934 1438 2964 in
1464 2938 1578 2965 necere
1605 2944 1674 2964 rus,
1702 2935 1840 2965 minoris

237 2978 343 3016 &palii
435 2981 470 3009 :31
504 2980 607 3010 nobis
635 2979 821 3010 11:1l‹›11tA'
919 2983 956 3010 ut
982 2978 1059 3020 reip
1085 2990 1122 3010 sc
1149 2983 1272 3011 seruet
1289 2979 1318 3009 A
1343 2980 1376 3010 in
1402 2990 1471 3009 ras.
1501 2982 1576 3009 2711.
1674 2981 1715 3010 33
1743 2979 1783 3010 G.
1811 2980 1840 3009 A
