1939 3228
753 117 794 144 v.
831 112 884 156 1ο,
908 111 1108 142 103——114
1646 100 1721 139 251

144 219 276 273 negat
304 217 430 271 filius,
463 216 546 259 uisi
576 217 611 257 si
641 218 762 270 pater
793 215 1008 256 absolutus
1040 214 1108 255 sit.
1160 214 1258 268 quid
1291 213 1436 267 signi?
1484 212 1551 253 lex
1574 212 1727 252 altera:

145 284 420 340 ‘proditionis
451 284 674 325 damnatus
705 298 797 325 cum
829 283 1033 324 aduocato
1065 281 1236 322 exulet.’
1297 280 1442 322 Cicero
1472 295 1548 334 pro
1580 278 1728 321 Cluen·
1749 278 1826 318 108

144 353 205 394 tio
235 352 283 393 P.
315 351 526 407 Popilium
562 353 604 392 et
634 350 851 392 Tiberium
883 350 1061 391 Guttam
1099 349 1201 390 dicit
1231 363 1316 390 non
1348 348 1491 389 iudicii
1530 347 1728 400 corrupti,

146 420 218 461 sed
257 419 439 460 ambitus
478 433 567 460 esse
606 418 839 459 damnatos.
902 417 1001 471 quid
1039 416 1183 471 signi?
1223 416 1331 470 quod
1370 417 1633 456 accusatores
1665 428 1729 455 eo-

112 500 127 521 f·
147 503 253 541 rum,
295 487 364 541 qui
405 488 529 528 erant
548 486 646 540 ‘ipsi
679 485 859 526 ambitus
891 484 1095 537 damnati,
1130 498 1150 523 e
1172 484 1266 538 lege
1288 483 1375 523 sint
1403 484 1500 536 post
1529 482 1639 522 hanc
1671 481 1729 521 ui-

149 555 322 597 ctoriam
353 554 550 595 restituti.
612 568 689 594 nec
721 553 858 593 minus
889 553 934 593 in
966 552 1044 592 hoc
1076 565 1199 592 curae
1231 550 1356 590 debet
1386 549 1596 603 adhiberi,
1629 547 1729 603 quid
1752 548 1828 588 105>

147 622 487 677 proponendum,
520 636 646 676 quam
685 634 766 675 quo
795 620 916 660 modo
946 619 1001 659 sit
1034 619 1143 673 quod
1163 616 1429 672 proposueris
1450 616 1728 671 probandum.

148 690 217 731 hic
246 690 374 731 immo
405 689 468 729 uis
499 688 759 737 inuentionis
789 687 935 740 maior,
968 688 1079 727 certe
1110 686 1236 740 prior.
1279 699 1378 725 nam
1408 686 1456 725 ut
1485 683 1569 724 tela
1591 697 1731 737 super-

149 773 282 799 uacua
314 759 413 798 sunt
443 757 650 798 nescienti
691 756 789 810 quid
827 756 967 809 petat,
1002 753 1061 794 sic
1083 754 1350 807 argumenta,
1382 752 1465 793 nisi
1485 750 1730 806 prouideriS,

102 835 130 859 ¹0
151 825 215 867 cui
254 825 314 866 rei
353 824 591 865 adhibenda
629 824 728 864 sint.
790 823 869 863 hoc
907 823 990 875 est,
1031 821 1142 875 quod
1181 819 1479 875 comprehendi
1519 820 1608 859 arte
1645 832 1731 859 non

149 892 294 947 possit.
355 892 549 946 ideoque,
592 906 685 932 cum
716 890 856 944 plures
888 889 1033 930 eadem
1064 888 1308 941 didicerint,
1349 887 1576 942 generibus
1608 900 1731 940 argu·
1753 887 1831 926 11⁴³

149 962 387 1001 mentorum
419 958 624 1000 similibus
656 960 848 999 utentur:
880 957 986 998 alius
1017 956 1098 997 alio
1129 956 1272 1009 plura,
1306 955 1456 1009 quibus
1486 956 1642 1007 utatur,
1674 954 1734 994 in-

150 1027 306 1069 ueniet.
368 1027 424 1068 sit
453 1026 632 1080 exempli
664 1026 804 1080 gratia
835 1024 1050 1079 proposita
1082 1023 1388 1076 controuersia,
1426 1036 1531 1076 quae
1562 1021 1735 1062 minime

153 1108 393 1136 communes
426 1109 519 1135 cum
551 1093 643 1134 aliis
675 1093 943 1148 quaestiones
973 1091 1122 1132 habet:
1161 1093 1279 1131 ‘cum
1310 1090 1476 1131 Thebas
1514 1089 1736 1130 euertisset
1756 1089 1830 1129 111

105 1173 134 1197 15
154 1162 408 1215 Alexander,
440 1162 609 1202 inuenit
637 1161 817 1215 tabulas,
849 1160 997 1215 quibus
1020 1161 1187 1200 centum
1208 1158 1372 1199 talenta
1392 1158 1539 1198 mutua
1560 1156 1736 1198 Thessa-

152 1231 203 1271 lis
235 1230 396 1271 dedisse
427 1229 652 1270 Thebanos
685 1229 995 1270 continebatur.
1056 1227 1155 1280 has,
1189 1226 1287 1280 quia
1319 1227 1410 1266 erat
1440 1239 1537 1265 usus
1569 1224 1735 1265 commi-

153 1298 244 1338 litio
266 1296 575 1351 Thessalorum,
609 1297 785 1338 donauit
815 1296 880 1337 his
912 1295 1042 1336 ultro:
1074 1296 1221 1349 postea
1246 1293 1430 1334 restituti
1453 1307 1477 1333 a
1501 1292 1737 1334 Cassandro

153 1364 345 1407 Thebani
376 1367 603 1419 reposcunt
633 1364 887 1421 Thessalos.’
936 1363 1046 1417 apud
1078 1361 1414 1415 Amphictyonas
1446 1360 1599 1415 agitur.
1644 1369 1738 1400 cen-

153 1436 243 1474 tum
274 1432 437 1473 talenta
469 1434 510 1472 et
541 1432 765 1473 credidisse
797 1446 865 1472 eos
899 1432 1065 1471 constat
1096 1431 1137 1470 et
1158 1444 1243 1469 non
1265 1429 1486 1482 recepisse.
1528 1427 1580 1468 lis
1602 1427 1738 1468 omnis
1759 1428 1835 1467 112

103 1510 135 1534 ‘20
156 1515 203 1541 ex
244 1514 312 1553 eo,
355 1500 462 1554 quod
501 1499 742 1540 Alexander
780 1514 828 1539 ea
866 1497 1077 1538 Thessalis
1123 1497 1301 1538 donasse
1346 1496 1519 1549 dicitur,
1566 1494 1735 1549 pendet.

157 1569 325 1609 constat
355 1567 457 1608 illud
487 1582 671 1622 quoque,
713 1581 799 1607 11011
838 1580 927 1607 esse
966 1566 1016 1606 iis
1057 1566 1108 1606 ab
1141 1564 1383 1605 Alexandro
1414 1563 1637 1618 pecuniam
1668 1562 1737 1602 da-

154 1638 265 1676 tam:
307 1635 523 1689 quaeritur
560 1649 682 1689 ergo,
717 1650 770 1674 an
802 1634 976 1688 proinde
1007 1633 1062 1673 sit
1093 1632 1200 1687 quod
1232 1632 1375 1672 datum
1407 1633 1492 1685 est,
1525 1645 1572 1671 ac
1605 1630 1640 1671 si
1669 1644 1738 1684 pe-

157 1704 323 1744 cuniam
355 1702 547 1743 dederit?
605 1702 703 1756 quid
735 1702 966 1756 proderunt
997 1703 1341 1755 argumentorum
1372 1699 1482 1752 loci,
1523 1698 1605 1739 nisi
1636 1697 1738 1738 haec
1760 1697 1836 1737 113

156 1771 270 1825 prius
309 1770 472 1823 uidero,
515 1770 622 1810 nihil
653 1784 746 1810 eum
786 1769 923 1825 egisse
961 1768 1175 1820 donando,
1220 1782 1305 1808 non
1345 1767 1529 1821 potuisse
1568 1766 1737 1819 donare,

105 1846 137 1871 25
156 1853 241 1879 non
281 1837 489 1879 donasse?
549 1840 590 1878 et
626 1838 762 1892 prima
801 1837 968 1892 quidem
1008 1836 1118 1876 actio
1147 1835 1286 1876 facilis
1318 1850 1365 1875 ac
1401 1833 1647 1875 fauorabilis
1678 1846 1740 1873 re—

155 1905 390 1960 petentium
420 1905 529 1959 iure,
571 1906 680 1960 quod
716 1906 758 1946 ui
798 1905 851 1945 sit
883 1904 1092 1945 ablatum:
1134 1904 1205 1944 sed
1236 1903 1335 1944 hinc
1367 1917 1516 1956 aspera
1546 1903 1587 1942 et
1617 1899 1739 1941 uehe-

101 2001 105 2003 ‡
156 1988 275 2015 mens
313 1973 503 2027 quaestio
541 1973 727 2014 exoritur
757 1974 807 2013 de
837 1973 926 2013 iure
957 1972 1076 2025 belli,
1117 1971 1352 2013 dicentibus
1384 1969 1618 2022 Thessalis,
1662 1968 1739 2009 hoc
1766 1978 1794 1996 ’κ

157 2056 303 2095 regna,
337 2041 526 2094 populos,
558 2041 662 2082 fines
693 2041 885 2095 gentium
917 2042 1041 2094 atque
1063 2040 1229 2080 urbium
1252 2038 1473 2080 contineri.
1521 2035 1838 2078 111116111611-114

158 2109 254 2149 dum
289 2110 434 2149 contra
452 2109 540 2161 est,
574 2123 654 2162 quo
685 2108 813 2148 distet
843 2107 947 2148 haec
971 2122 1095 2147 causa
1119 2122 1142 2147 a
1166 2106 1329 2160 ceteris,
1363 2120 1470 2160 quae
1490 2105 1535 2146 in
1556 2106 1740 2159 potesta-

109 2184 140 2208 30
160 2178 245 2217 tem
266 2176 438 2217 uictoris
460 2176 670 2229 uenirent,
701 2190 778 2217 nec
803 2175 913 2216 circa
934 2175 1226 2229 probationem
1248 2188 1313 2215 res
1335 2173 1502 2227 haeret,
1535 2172 1605 2213 sed
1630 2172 1740 2213 circa

248 2270 278 2299 2.
307 2279 336 2302 e.
363 2270 417 2307 36,
444 2269 498 2301 08.

251 2349 264 2377 1
294 2346 386 2378 filius
413 2347 594 2388 Spalding:
622 2348 660 2378 fit
685 2348 746 2377 AB
845 2349 864 2377 3
891 2345 1002 2376 iudici
1026 2345 1065 2376 ΑΙ
1172 2348 1191 2376 ἶ)
1218 2348 1299 2386 post
1325 2345 1368 2377 B:
1395 2344 1430 2374 in
1455 2345 1511 2374 Ab
1620 2344 1637 2373 7
1665 2352 1741 2383 pro-

159 2392 382 2433 posuerimus
406 2391 435 2422 A
459 2395 548 2423 solus
668 2394 687 2424 S
714 2393 819 2422 11111110
844 2392 881 2430 Β,
909 2393 983 2422 ilem
1007 2392 1035 2421 A
1060 2396 1093 2422 ιιί
1119 2391 1268 2421 viderur:
1295 2390 1438 2422 omnino
1463 2390 1511 2419 ab
1628 2387 1742 2418 maior

159 2438 237 2467 AB:
264 2441 300 2467 ct
326 2437 396 2467 sint
423 2438 537 2468 maior
562 2438 621 2475 ab,
649 2437 792 2467 0111111110
820 2437 875 2467 nis
901 2438 971 2466 inu.
1001 2436 1029 2466 si
1058 2446 1129 2467 11011
1155 2436 1268 2466 maior
1293 2443 1313 2469 ς
1429 2436 1447 2465 9
1475 2434 1548 2464 sint
1573 2433 1635 2463 AB

161 2481 245 2522 quid
271 2486 362 2523 pelet
388 2482 435 2513 ita
460 2484 676 2521 argumenta
694 2482 723 2511 A
817 2482 853 2511 11
884 2484 1004 2522 posset
1028 2480 1084 2511 Ab
1179 2479 1341 2520 gene-ribi
1361 2480 1423 2518 Eg,
1451 2477 1645 2520 generibus
1664 2477 1739 2517 qui-

161 2526 238 2557 dem
267 2527 387 2568 Regius
487 2528 525 2557 12
554 2526 642 2557 alius
668 2526 740 2557 alio
765 2527 805 2563 A,
834 2525 927 2557 alius
954 2535 1037 2557 uero
1066 2525 1137 2556 alio
1163 2526 1248 2556 coni.
1274 2525 1418 2556 Meister
1510 2524 1546 2553 in
1572 2522 1741 2563 quibnsA

253 2573 291 2603 13
319 2572 412 2601 min
440 2573 610 2603 cfimunes
635 2570 690 2611 ΑΙ,
719 2582 843 2604 comm.
870 2571 1013 2601 minime
1040 2571 1064 2600 T
1089 2575 1119 2601 et
1146 2571 1222 2601 edd.
1251 2580 1337 2600 reve.
1451 2570 1491 2599 14
1516 2568 1584 2598 alis
1609 2566 1648 2597 A*

161 2617 315 2647 uertisse
333 2617 373 2656 A,
401 2617 572 2647 uertisset
597 2626 618 2646 a
712 2618 751 2647 15
776 2619 896 2646 mutue
925 2614 957 2657 (e
981 2617 1013 2646 in
1038 2614 1121 2653 rag.)
1142 2616 1171 2645 A
1265 2615 1303 2644 16
1330 2613 1388 2654 qui
1416 2619 1493 2643 crat
1510 2611 1566 2642 ΑΓ
1648 2622 1740 2643 60111-

162 2660 278 2691 milito
303 2661 343 2691 A¹
465 2663 502 2692 17
529 2661 592 2692 has
617 2662 636 2691 b
738 2661 916 2692 casandro
941 2661 992 2700 Bg
1018 2665 1048 2691 (ἰ
1073 2661 1101 2690 A
1219 2659 1258 2689 18
1284 2661 1477 2699 reposcunt
1502 2658 1530 2687 A
1647 2656 1740 2697 apud

162 2715 222 2736 om.
250 2707 278 2736 A
372 2706 598 2748 amplliionas
625 2705 720 2745 A('.²F,
750 2705 995 2746 amphyconas
1020 2707 1050 2744 b,
1080 2704 1332 2745 :unphityonas
1357 2712 1377 2732 a
1479 2704 1516 2733 19
1544 2712 1587 2733 ea
1612 2701 1658 2732 lis
1684 2702 1740 2731 Ab

230 2752 271 2781 20
296 2761 332 2781 se
359 2751 514 2782 donasse
541 2752 608 2789 Ab,
633 2752 696 2782 sed
719 2761 756 2781 sc
783 2752 813 2781 in
838 2749 867 2780 A
892 2761 979 2783 eras,
1074 2751 1113 2779 21
1141 2758 1280 2789 quoque
1307 2749 1335 2778 A
1361 2758 1450 2778 (υιϊ.
1477 2758 1522 2778 ex
1547 2746 1683 2787 quodq:

165 2793 208 2826 iis
233 2795 275 2825 B:
302 2795 357 2826 his
382 2797 439 2830 Ας
533 2798 573 2826 :22
602 2806 645 2826 an
667 2795 824 2836 prodet-il
850 2795 942 2835 quod
961 2796 990 2825 A
1071 2795 1111 2824 24
1137 2795 1234 2833 prius
1250 2794 1279 2823 A
1349 2794 1390 2823 2ss
1416 2792 1479 2823 sed
1503 2792 1576 2822 Ab:
1605 2791 1697 2831 quod
1715 2791 1740 2821 B

231 2849 306 2880 asp.
336 2844 371 2871 et
395 2841 474 2872 11611.
502 2841 667 2881 quaestio
686 2841 728 2872 B:
757 2851 832 2881 asp.
860 2843 894 2870 ct
920 2838 1242 2881 (11111,(·811011611.Α,
1268 2837 1350 2870 11611.
1377 2837 1545 2878 quaestio
1574 2840 1609 2867 et
1628 2846 1702 2877 asp.
1721 2843 1742 2869 ς

231 2885 272 2915 29
299 2885 390 2924 quod
417 2885 514 2926 (quid
540 2885 572 2925 a)
601 2885 711 2917 distet
736 2886 764 2915 A
880 2888 921 2916 30
947 2885 1070 2915 uenire
1098 2882 1215 2914 solent
1240 2883 1392 2919 Meisler,
1415 2882 1498 2922 for-t.
1525 2881 1556 2912 si
1583 2890 1673 2923 quac
1700 2898 1741 2903 -a

165 2929 331 2960 uenerint
420 2930 548 2961 haeret
572 2929 600 2968 (t
625 2931 658 2961 in
682 2930 768 2971 ras.)
794 2930 823 2960 A
