1955 3228
711 112 778 142 111.
838 108 859 139 4
898 107 950 139 16.
984 106 1188 153 5,1—-11.
1669 91 1747 132 129

862 133 872 155 7

153 219 348 260 infinitae
380 218 493 270 sunt,
528 230 633 271 quae
665 214 837 256 remotis
868 212 1059 268 personis
1091 213 1134 252 et
1163 208 1424 264 temporibus
1455 208 1497 248 et
1517 206 1619 247 locis
1642 206 1748 246 cete-

154 288 295 341 risque
335 285 542 326 similibus
583 284 629 324 in
668 284 891 336 utramque
933 282 1097 334 partem
1138 279 1401 330 tractantur,
1450 275 1559 330 quod
1599 272 1750 315 Graeci

157 356 268 397 Θέειν
291 354 453 406 dicunt,
488 352 634 394 Cicero
665 350 1024 405 propositum,
1060 348 1129 388 alii
1162 346 1506 401 quaestiones
1536 342 1750 383 uniuer—

159 422 296 464 sales
321 420 534 474 ciuiles,
558 420 630 460 alii
652 417 994 473 quaestiones
1016 414 1331 470 philosopho
1354 410 1750 463 conuenientis,

123 507 138 531 5
160 490 407 531 Athenaeus
426 490 629 544 partem
654 500 842 528 causae
868 484 1070 539 appellat.
1104 483 1183 523 hoc
1200 496 1334 536 genus
1353 481 1499 522 Cicero
1514 477 1694 520 scientia
1711 478 1753 517 et
1766 475 1791 515 G

159 559 326 600 actione
342 557 582 611 distinguit,
605 558 650 596 ut
665 556 722 596 sit
738 553 941 596 scientiae
960 557 970 573 ⁹
984 567 1038 593 an
1055 550 1324 606 prouidentia
1341 548 1523 590 mundus
1544 548 1752 600 regatur',

160 627 339 668 actionis
360 630 370 646 ‘
385 641 438 667 an
469 624 753 666 accedendum
775 622 826 663 ad
848 636 932 662 rem
958 620 1171 675 publicam
1193 615 1611 659 administrandam'.
1672 613 1752 666 pri-

159 711 273 736 mum
299 695 429 735 trium
455 707 660 748 generum
686 696 765 732 ‘an
782 691 851 744 sit,
877 689 973 744 quid
994 689 1060 742 sit,
1083 687 1206 742 quale
1228 686 1303 738 sit,
1317 689 1327 705 ’
1351 684 1494 725 omnia
1516 682 1629 723 enim
1651 681 1754 721 haec

159 763 349 818 ignorari
362 763 560 817 possunt:
580 774 757 814 sequens
776 760 952 799 duorum
970 761 1068 810 ‘quo
1086 754 1208 795 modo
1219 753 1516 807 adipiscamur,
1534 765 1615 805 quo
1634 749 1754 789 niodo

110 848 141 871 10
160 833 368 872 utamur-².
428 830 577 870 finitae
617 829 757 868 autem
798 828 899 867 sunt
929 840 979 865 ex
1011 823 1231 876 complexu
1262 836 1422 873 rerum,
1463 832 1751 873 personarum,
1770 815 1791 855 7

159 902 398 953 temporum
431 899 769 950 ceterorumque:
801 895 881 935 hae
910 894 1128 935 ὑποθέεειε
1151 906 1175 930 a
1198 889 1372 931 Graecis
1393 888 1606 940 dicuntur,
1640 900 1754 926 cau-

161 982 243 1009 sae
276 982 299 1007 a
330 966 500 1007 nostris.
553 965 598 1005 in
629 965 694 1005 his
726 963 862 1004 omnis
893 961 1085 1016 quaestio
1116 958 1285 999 uidetur
1315 956 1427 997 circa
1449 970 1514 995 res
1536 967 1755 1008 personas—

162 1050 242 1090 que
282 1034 525 1076 consistere.
589 1032 769 1086 amplior
808 1032 872 1071 est
910 1043 1074 1083 semper
1112 1025 1305 1079 infinita,
1346 1025 1445 1064 inde
1484 1022 1596 1063 enim
1633 1018 1795 1062 finita&

163 1103 396 1144 descendit.
457 1101 566 1156 quod
606 1103 652 1141 ut
695 1099 886 1153 exemplo
925 1098 1094 1152 pateat,
1136 1093 1307 1135 infinita
1346 1094 1410 1132 est
1442 1095 1520 1131 ‘an
1550 1104 1655 1130 uxor
1686 1089 1755 1129 du-

115 1187 144 1211 15
165 1172 335 1225 cenda',
368 1170 491 1211 finita
523 1173 600 1209 ‘an
623 1168 775 1209 Catoni
806 1166 1035 1218 ducenda',
1068 1163 1243 1217 ideoque
1275 1175 1365 1201 esse
1393 1159 1581 1200 suasoria
1603 1159 1755 1211 potest.

163 1240 235 1281 sed
267 1239 394 1280 etiam
425 1239 610 1278 remotae
643 1252 666 1277 a
697 1235 888 1290 personis
919 1232 1101 1288 propriis
1140 1231 1192 1271 ad
1230 1228 1387 1283 aliquid
1427 1226 1574 1268 referri
1605 1225 1755 1267 solent.

165 1310 229 1348 est
259 1307 372 1348 enim
412 1306 590 1359 simplex
630 1309 707 1345 tan
746 1318 812 1345 res
852 1301 1022 1357 publica
1061 1297 1445 1341 administranda':
1484 1294 1667 1335 refertur
1707 1293 1758 1332 ad

166 1375 321 1429 aliquid
356 1379 435 1414 ‘an
467 1374 511 1414 in
544 1372 769 1428 tyrannide
802 1368 1176 1411 adniinistrainla'.
1220 1366 1291 1407 sed
1323 1364 1392 1405 hio
1423 1377 1587 1418 quoque
1617 1361 1761 1402 subest
1775 1360 1800 1399 9

166 1443 284 1484 uelut
315 1443 452 1482 latens
484 1455 687 1495 persona:
719 1443 925 1494 tyrannus
957 1437 1068 1478 enim
1102 1435 1296 1490 geminat
1326 1431 1631 1487 quaestionem,
1665 1428 1760 1470 sub-

116 1529 149 1551 20
169 1513 312 1564 estque
345 1512 386 1550 et
416 1508 617 1563 temporis
650 1510 690 1548 et
721 1506 940 1561 qualitatis
972 1505 1104 1545 tacita
1142 1504 1229 1543 uis:
1270 1500 1459 1542 nondum
1496 1502 1642 1540 tamen
1681 1496 1760 1537 hoe

169 1579 336 1633 proprie
368 1577 522 1618 dixeris
555 1591 738 1617 causam.
792 1575 870 1615 hae
901 1575 1063 1626 autem,
1095 1586 1198 1626 quas
1229 1569 1420 1610 infinitas
1450 1581 1568 1621 uoco,
1603 1567 1644 1605 et
1674 1579 1760 1619 ge—

169 1646 380 1687 nerales
420 1644 712 1699 appellantur:
760 1642 868 1697 quod
908 1642 941 1682 si
983 1643 1046 1681 est
1084 1654 1252 1691 uerum,
1303 1636 1450 1677 finitae
1489 1633 1760 1689 speciales

170 1716 306 1755 erunt.
366 1714 411 1754 in
449 1712 563 1753 omni
596 1714 737 1752 autem
769 1709 941 1765 speciali
974 1708 1119 1762 utique
1150 1707 1264 1747 inest
1302 1703 1535 1760 generalis,
1578 1704 1625 1742 ut
1654 1716 1761 1756 quae

169 1783 223 1823 sit
253 1782 380 1836 prior.
441 1796 490 1823 ac
521 1780 663 1822 nescio
696 1794 750 1820 an
782 1780 826 1819 in
859 1778 997 1818 causis
1028 1789 1206 1829 quoque,
1247 1772 1448 1827 quidquid
1478 1771 1522 1811 in
1555 1769 1830 1824 quaestio-10

119 1866 151 1890 :25
170 1865 266 1891 nem
298 1850 418 1890 uenit
448 1848 687 1903 qualitatis,
727 1846 926 1902 generale
958 1846 1026 1885 sit.
1088 1843 1190 1883 Milo
1223 1841 1414 1883 Clodium
1455 1838 1628 1891 occidit,
1672 1838 1762 1877 iure

170 1918 324 1959 occidit
354 1917 663 1958 insidiatorem:
695 1929 838 1956 nonne
870 1914 949 1954 hoc
971 1912 1199 1966 quaeritur,
1232 1925 1288 1950 an
1309 1908 1365 1949 sit
1384 1908 1449 1948 ius
1471 1905 1762 1947 insidiatorem

171 1985 424 2028 occidendi?
483 1984 581 2039 quid
613 1984 658 2025 111
690 1980 977 2024 coniecturis?
1017 1994 1103 2021 non
1143 1978 1216 2019 illa
1248 1975 1486 2032 generalia:
1527 1978 1605 2015 ean
1638 1987 1763 2014 causa

171 2055 340 2096 sceleris
371 2053 543 2094 odium?
575 2050 816 2106 cupiditas?
848 2064 903 2090 an
933 2047 1156 2089 tormentis
1180 2042 1466 2087 credendum?
1506 2042 1685 2083 testibus
1709 2054 1797 2081 an*

172 2121 434 2177 argumentis
466 2120 598 2161 maior
636 2120 738 2161 fides
775 2116 1025 2159 habenda?
1087 2130 1187 2156 nam
1224 2113 1418 2154 finitione
1458 2110 1625 2165 quidem
1665 2123 1761 2149 con-

121 2206 153 2231 30
172 2190 322 2245 prendi
352 2189 461 2231 nihil
491 2203 577 2229 non
613 2188 653 2228 in
682 2187 927 2228 uniuersum
951 2186 1110 2225 certum
1133 2183 1224 2223 erit.
1268 2180 1437 2235 quidam
1459 2179 1614 2233 putant
1635 2177 1763 2217 etiam
1781 2179 1822 2218 11

173 2274 242 2299 eas
281 2260 412 2300 θέεειε
450 2271 571 2311 posse
611 2254 838 2310 aliquando
877 2252 1107 2304 nominari,
1158 2264 1264 2304 quae
1304 2247 1495 2302 personis
1544 2245 1762 2298 causisque

175 2327 487 2378 contineantur,
522 2324 645 2365 aliter
674 2322 967 2363 tantummodo
998 2320 1172 2374 positas,
1208 2320 1253 2358 ut
1285 2330 1409 2357 causa
1441 2315 1510 2367 sit,
1545 2314 1762 2353 611111016-

173 2397 257 2435 stes
280 2395 515 2446 accusatur,
540 2392 670 2432 thesis
693 2406 749 2431 an
771 2392 942 2431 Orestes
965 2390 1077 2429 recte
1100 2387 1157 2427 sit
1179 2385 1415 2426 absolutus:
1450 2382 1567 2423 cuius
1590 2380 1760 2434 generis

265 2545 294 2575 25.
321 2542 410 2584 Top.
437 2544 490 2582 21,
519 2543 571 2574 79.
664 2542 695 2572 5.
726 2539 811 2570 ibid.
838 2540 856 2577 ξ
882 2540 922 2570 81
950 2548 1002 2579 sq.
1030 2537 1161 2570 Pax-tit.
1188 2538 1278 2566 orat.
1308 2536 1356 2567 18,
1384 2534 1438 2563 ⁴32.

265 2682 284 2711 3
312 2687 408 2711 oecic
433 2679 500 2717 Bn,
529 2686 603 2709 oeci
630 2677 683 2716 Bg
798 2676 1010 2716 proposilum
1037 2673 1098 2704 111ἰὶ
1122 2673 1162 2712 A,
1191 2671 1238 2702 ali
1264 2687 1306 2691 fi-
1334 2669 1381 2699 ali
1407 2669 1455 2698 Bn
1481 2671 1514 2697 ut
1538 2667 1674 2707 saepias

175 2724 404 2755 uniuersales
431 2723 495 2754 alii
522 2722 651 2754 ciuiles
669 2733 706 2752 m.
725 2723 745 2751 3
771 2722 802 2751 1⁸72
821 2721 849 2750 A
941 2721 961 2750 4
987 2718 1249 2750 conuenientes
1267 2716 1323 2745 Ab
1417 2715 1436 2744 5
1463 2711 1640 2742 atheneus
1658 2709 1718 2740 AB

177 2772 194 2802 7
221 2771 371 2811 primum
397 2770 469 2800 Ab:
497 2769 596 2810 prius
621 2768 645 2797 B
762 2766 781 2796 8
810 2776 854 2795 an
881 2765 987 2803 si‚Bg
1080 2765 1098 2793 f)
1127 2764 1332 2803 apiscaniur
1356 2760 1408 2798 Bg
1436 2760 1451 2788 Ι
1471 2769 1509 2790 m.
1629 2757 1665 2786 11
1694 2755 1763 2785 hae

175 2815 216 2846 B:
245 2825 339 2856 quae
365 2815 394 2845 A
489 2823 623 2845 causac
650 2811 782 2843 nostris
808 2811 860 2849 Bg
887 2812 958 2842 Im.
1066 2811 1103 2838 12
1132 2809 1164 2837 in
1194 2807 1221 2836 is
1247 2806 1298 2844 Bg
1325 2807 1396 2835 Im.
1510 2804 1547 2833 18
1574 2801 1765 2842 tyrannide

178 2859 464 2892 amministranda
491 2860 519 2890 A
615 2861 653 2889 19
679 2860 854 2897 tyrannus
879 2855 956 2885 AB:
986 2854 1150 2895 tyrannis
1177 2853 1257 2883 (lect.
1283 2851 1384 2889 pauci
1475 2850 1517 2878 ‘23
1543 2843 1763 2888 generaliA¹

266 2907 309 2936 ‘24
336 2906 452 2936 0111ιεὶ3
468 2903 498 2934 Α
591 2901 763 2944 quicquid
782 2902 810 2931 A
903 2901 944 2931 26
971 2901 1070 2930 silius
1088 2899 1117 2928 A
1210 2898 1251 2926 ‘28
1271 2894 1453 2926 credenda
1481 2894 1515 2933 (ᾖ
1537 2893 1568 2923 in
1587 2890 1672 2931 ras.)
1692 2891 1720 2921 A

177 2952 218 2982 ‘29
246 2949 503 2992 comprehendi
527 2950 556 2979 A
650 2950 688 2980 31
718 2947 827 2978 thesis
853 2946 878 2976 B
972 2946 1013 2975 33
1041 2942 1227 2984 apsolutus
1252 2941 1278 2970 B

246 3009 425 3047 QUINTIL.
446 3005 499 3037 ed.
519 3005 644 3035 HALM.
682 3003 760 3037 Vol,
782 3003 808 3034 1.
1474 2998 1493 3027 9
