1939 3180
160 145 244 188 300
687 154 982 193 Qnm‘rIMANl
1014 154 1134 184 Ins'r.
1168 154 1243 183 on.

161 259 288 313 cadit,
321 260 369 300 ut
401 259 484 300 cito
514 259 661 299 tamen
692 257 849 311 redeat,
883 258 926 298 et
955 271 1279 311 nonnumquam
1310 256 1447 298 resilit
1477 256 1542 297 uel
1565 255 1763 311 neganti-

160 329 236 369 bus
268 327 391 368 nobis
424 326 491 368 uel
522 325 845 367 adniirantibrs.
1223 372 1227 376 ⁴

274 395 358 436 Hic
388 396 554 436 ueteres
586 394 771 435 artifices
803 393 907 453 illud
938 396 1053 436 recte
1086 393 1358 447 adiecerunt,
1401 394 1447 434 ut
1485 407 1637 434 manus
1670 407 1764 434 cum

161 478 288 505 sensu
320 465 362 505 et
391 463 603 518 inciperet
634 465 676 504 et
707 461 1011 517 deponeretur:
1044 461 1203 516 alioqui
1234 461 1348 509 enim
1380 462 1455 502 aut
1485 462 1585 502 ante
1617 474 1764 501 uocem

64 531 142 573 107
162 532 243 574 erit
273 534 419 587 gestus
451 534 526 573 aut
556 532 654 586 post
684 545 846 585 uocem,
880 531 991 586 quod
1022 532 1343 584 est'utrumque
1364 528 1566 570 deforme.
1616 529 1662 569 in
1692 528 1801 574 illoz5

161 600 273 655 lapsi
303 599 437 641 nimia
469 599 707 641 subtilitate
739 602 860 654 sunt,
902 599 1013 654 quod
1043 597 1320 639 interuallum
1351 599 1491 639 motus
1521 597 1605 638 tria
1635 597 1767 638 uerba

164 683 254 710 esse
284 668 533 722 uoluerunt,
575 668 686 722 quod
724 682 861 723 neque
900 668 1152 709 obseruatur
1189 681 1327 721 neque
1365 666 1458 707 fieri
1488 667 1649 720 potest:
1695 666 1767 707 sed

162 737 226 778 illi
264 737 385 792 quasi
422 751 668 778 mensuram
705 736 923 778 tarditatis
971 735 1284 790 celeritatisque
1331 734 1517 789 aliquam
1563 748 1653 775 esse
1698 749 1768 775 uo-

162 806 349 858 luerunt,
382 819 519 859 neque
550 805 763 859 inmerito,
794 819 849 846 ne
880 806 954 845 aut
982 803 1054 845 diu
1076 803 1212 845 otiosa
1233 805 1345 845 esset
1365 817 1516 844 manus
1539 804 1626 856 aut,
1660 803 1770 857 quod

67 873 146 915 108
163 874 288 915 multi
325 873 511 928 faciunt,
554 873 768 915 actionem
808 873 1012 914 continuo
1051 874 1170 913 motu
1209 872 1466 914 concideret.
1535 871 1649 912 aliud
1689 873 1767 925 est,
1791 882 1822 907 10

164 942 274 997 quod
306 944 349 983 et
378 942 427 983 fit
458 942 722 997 frequentius
755 943 797 983 et
826 942 966 997 magis
1004 940 1132 982 fallit.
1201 943 1302 981 sunt
1340 939 1547 995 quaedam
1584 939 1769 981 latentes

165 1011 370 1052 sermonis
401 1011 698 1066 percussiones
730 1012 773 1051 et
803 1010 925 1065 quasi
957 1010 1089 1065 aliqui
1113 1009 1256 1064 pedes,
1292 1009 1343 1049 ad
1366 1023 1469 1064 quos
1490 1008 1769 1063 plurimorum

165 1081 312 1135 gestus
345 1079 473 1134 cadit,
507 1081 554 1120 ut
585 1079 642 1120 sit
673 1093 781 1120 1111115
803 1081 943 1120 motus
975 1093 1162 1120 nouum
1196 1077 1417 1131 crimen,
1451 1076 1561 1118 alter
1583 1076 1627 1119 O.
1654 1077 1769 1119 (jae-

166 1163 269 1202 sar,
310 1148 462 1189 tertius
502 1149 553 1189 et
592 1149 715 1189 ante
753 1147 888 1189 hanc
935 1147 1089 1200 diem,
1138 1148 1315 1201 quartus
1361 1160 1463 1186 non
1510 1145 1768 1199 auditum,

166 1217 319 1258 deinde
350 1217 682 1271 propinquus
713 1231 877 1270 meus,
912 1217 954 1256 et
985 1215 1045 1256 ad
1076 1217 1148 1269 te,
1190 1216 1232 1256 et
1263 1214 1312 1263 Q.
1345 1214 1572 1268 Tubero,
1614 1215 1657 1255 et
1687 1213 1769 1255 de-
1791 1226 1823 1251 15

70 1286 149 1327 109
165 1285 309 1327 tulit.
370 1285 482 1326 unde
512 1285 557 1326 id
587 1300 752 1340 quoque
783 1284 878 1326 fluit
908 1284 1080 1338 uitium,
1118 1285 1166 1325 ut
1196 1284 1393 1337 iuuenes,
1437 1296 1531 1324 cum
1562 1281 1781 1335 scribunt,—

166 1356 334 1409 gestum
365 1353 676 1409 praemodulati
709 1353 971 1408 cogitatione
1003 1354 1063 1394 sic
1086 1354 1360 1407 componant,
1395 1350 1603 1406 quomodo
1625 1365 1772 1392 casura

166 1437 319 1464 manus
352 1424 429 1464 est.
492 1423 590 1464 inde
623 1424 665 1464 et
695 1422 801 1463 illud
831 1421 1000 1476 uitium,
1041 1423 1090 1462 ut
1119 1422 1289 1476 gestus,
1331 1420 1403 1474 qui
1434 1420 1479 1460 in
1511 1420 1595 1461 fine
1626 1419 1773 1461 dexter

72 1492 153 1533 110
169 1506 260 1533 esse
291 1491 430 1546 debet,
470 1491 516 1532 in
547 1491 770 1533 sinistrum
800 1490 1051 1545 frequenter
1082 1489 1265 1531 desinat.
1327 1488 1479 1530 melius
1511 1488 1615 1529 illud
1625 1522 1636 1542 ,
1678 1503 1771 1529 611111

168 1560 256 1601 sint
294 1561 339 1601 in
380 1575 574 1601 sermone
613 1560 729 1601 omni
767 1559 915 1600 breuia
952 1559 1161 1614 quaedam
1205 1557 1417 1611 membra,
1465 1557 1519 1598 ad
1560 1572 1688 1612 quae,
1738 1557 1773 1598 si
1793 1571 1826 1595 20

168 1644 342 1671 necesse
373 1629 443 1683 sit,
476 1629 666 1683 recipere
697 1629 895 1683 spiritum
926 1628 1068 1681 liceat,
1103 1626 1156 1668 ad
1187 1626 1294 1668 haec
1326 1628 1495 1681 gestum
1526 1626 1772 1680 disponere:

169 1701 216 1739 ut
245 1700 364 1753 puta,
397 1712 586 1739 1101111111
619 1698 813 1739 crimen
848 1697 893 1739 G.
928 1696 1122 1738 Caesar
1152 1695 1283 1737 habet
1314 1709 1390 1749 per
1420 1709 1464 1736 se
1495 1695 1623 1736 finem
1645 1709 1774 1749 quen—

170 1767 267 1807 dam
313 1782 457 1821 suum,
505 1767 603 1821 quia
643 1766 834 1820 sequitur
874 1764 1138 1807 coniunctio:
1185 1764 1337 1805 deinde
1385 1766 1435 1805 et
1480 1765 1602 1804 ante
1640 1763 1774 1804 hanc

171 1835 303 1877 diem
342 1850 446 1877 non
486 1834 719 1876 auditum
759 1834 863 1875 satis
896 1833 1266 1887 circumscriptum
1298 1834 1374 1873 est.
1445 1833 1497 1873 ad
1527 1831 1633 1873 haec
1665 1847 1773 1873 com-

171 1904 384 1945 modanda
415 1919 567 1944 manus
600 1905 685 1957 est,
727 1903 853 1958 idque
885 1903 984 1944 duni
1016 1903 1098 1943 erit
1134 1901 1274 1956 prima
1306 1903 1348 1942 et
1380 1901 1614 1956 composita
1646 1900 1771 1942 actio.
1793 1912 1826 1937 25

75 1975 149 2015 1⁴11
172 1975 216 2013 at
246 1972 319 2013 ubi
351 1988 444 2013 eam
477 1971 591 2013 calor
624 1971 926 2025 concitauerit,
969 1971 1098 2012 etiam
1138 1972 1285 2025 gestus
1320 1985 1413 2010 cum
1444 1970 1538 2024 ipsa
1568 1969 1775 2009 orationis¹

174 2041 392 2083 celeritate
433 2041 684 2082 crebrescet.
755 2040 849 2081 aliis
888 2040 990 2081 locis
1032 2039 1185 2093 citata,
1233 2039 1327 2079 aliis
1366 2052 1512 2092 pressa
1551 2037 1777 2078 conueniet

172 2110 489 2164 pronuntiatio:
521 2109 595 2150 illa
625 2109 972 2163 transcurrimus,
1008 2108 1277 2163 congerimus
1312 2105 1626 2164 [abundamus]‚
1659 2105 1775 2147 festi-

173 2194 339 2234 namus,
372 2179 452 2221 hac
474 2180 699 2233 instamus,
722 2177 1001 2232 inculcamus,
1026 2177 1259 2231 infigimus.
1302 2175 1397 2230 plus
1420 2177 1563 2216 autem
1584 2174 1776 2215 adfectus

264 2332 319 2362 ⁶22.
347 2342 381 2373 p.
409 2331 491 2373 Lig.
517 2333 535 2370 ἓ
563 2332 593 2363 1.

266 2472 286 2502 2
312 2470 418 2502 nobis
444 2469 504 2501 nel
531 2468 577 2500 ad
603 2468 766 2501 artifices
792 2467 868 2508 (0711.
896 2465 1028 2508 mediis)
1053 2469 1073 2498 b
1169 2464 1472 2498 admirinantibus
1497 2465 1550 2503 Bg
1642 2464 1662 2494 4
1690 2462 1778 2494 alio-

177 2517 263 2558 quin
288 2517 354 2546 Mb
448 2517 467 2547 6
494 2518 610 2547 metus
636 2516 658 2545 b
775 2516 793 2546 7
820 2513 916 2555 quod
942 2531 985 2535 *—
1010 2513 1206 2544 uoluerunt
1231 2522 1292 2544 om.
1320 2512 1355 2541 Μ
1472 2511 1513 2541 lo
1540 2509 1778 2540 conciderent

176 2564 257 2603 ΒΜ,
284 2573 343 2593 em.
371 2562 495 2603 Regias
591 2562 629 2591 11
658 2559 754 2601 quod
780 2559 819 2591 fit
845 2560 864 2589 b
974 2558 1129 2590 latentis
1156 2557 1334 2590 sermonis
1361 2556 1640 2598 persecutiones
1666 2555 1686 2585 b

180 2610 219 2640 12
247 2607 385 2648 aliquid
410 2608 430 2638 b
525 2606 728 2648 plfimorum
754 2606 774 2636 b
870 2606 910 2636 14
937 2605 1032 2636 hunc
1059 2604 1178 2635 Cicero
1296 2604 1337 2634 15
1363 2601 1583 2644 propinquos
1609 2601 1630 2630 b
1724 2601 1777 2630 et-

178 2657 255 2686 atte
283 2653 346 2694 Bu,
374 2655 499 2685 aetate
525 2653 588 2692 Eg,
617 2654 653 2683 et
679 2651 723 2683 ad
749 2654 783 2682 te
813 2651 890 2692 apti
915 2652 954 2691 b,
984 2653 1019 2681 et
1046 2653 1124 2681 arte
1149 2651 1184 2680 M
1326 2651 1361 2678 et
1388 2644 1448 2689 Q]
1479 2650 1515 2678 et
1541 2657 1575 2687 q:
1601 2646 1668 2685 Bn,
1704 2647 1776 2685 etq;

178 2701 242 2740 Bg,
272 2702 381 2739 etque
408 2700 455 2737 Μ,
483 2700 519 2730 et
544 2701 619 2739 tuq.
646 2698 667 2728 b
761 2699 892 2728 tuucro
918 2697 950 2736 b,
978 2695 1096 2727 tulero
1121 2696 1155 2725 Μ
1273 2695 1313 2725 143
1341 2693 1374 2724 id
1401 2692 1496 2734 quod
1521 2693 1542 2722 b
1659 2687 1710 2732 ut]
1741 2694 1777 2721 et

179 2746 242 2776 Mb
362 2746 401 2776 17
429 2745 536 2785 gestu
562 2745 600 2774 b:
628 2745 734 2785 gestu
760 2743 798 2780 B,
826 2746 947 2783 gestus
974 2743 1008 2771 M
1111 2740 1371 2783 cogitationem
1399 2739 1466 2768 ΒΜ
1560 2739 1780 2777 componunt

180 2790 358 2832 quomodo
385 2791 514 2821 casura
539 2790 560 2819 b
678 2789 718 2819 18
745 2788 886 2819 infinite
914 2789 934 2818 b
1010 2787 1158 2826 dextra
1183 2787 1217 2816 M
1316 2787 1359 2816 ‘20
1385 2784 1457 2815 sint
1482 2783 1561 2813 Mb:
1589 2782 1638 2813 sit
1661 2782 1686 2812 13

181 2837 277 2867 omni
303 2837 341 2866 b:
368 2835 490 2867 omnia
517 2835 584 2865 BM
703 2834 747 2865 ad
776 2832 885 2875 quac]
911 2831 974 2874 atq
997 2834 1047 2863 Bn
1074 2831 1109 2873 (ἱ.
1138 2843 1165 2864 e.
1195 2828 1359 2872 atquae),
1387 2832 1496 2870 atquc
1522 2828 1618 2867 BgM
1736 2830 1778 2858 25

182 2883 242 2923 qui
269 2881 473 2922 adquiritur
498 2882 519 2911 b
613 2880 698 2911 dein
723 2881 758 2909 M
875 2881 917 2910 24
944 2877 1259 2910 accommodanda
1285 2878 1333 2910 b&
1442 2876 1484 2906 ⁶25
1511 2872 1578 2915 cst]
1608 2876 1643 2904 et
1667 2873 1687 2902 b

181 2928 222 2958 2>ss
250 2926 348 2958 color
373 2927 442 2957 ΒΜ
553 2926 757 2957 concitauit
783 2928 909 2967 gestus
936 2926 956 2955 b
1072 2926 1113 2956 27
1141 2921 1344 2955 celeritatis
1370 2920 1580 2952 crebrescet
1607 2922 1642 2950 et
1667 2919 1686 2949 b

181 2974 224 3004 ‘28
251 2972 478 3004 abundamus
504 2973 589 3011 ΒΜ,
625 2982 686 3003 om.
713 2972 788 3003 cocl.
817 2971 1049 3006 Colberffmcae
1081 2969 1215 3001 uerbum
1240 2969 1304 3000 iam
1330 2967 1405 2998 aliis
1429 2971 1618 3007 suspectum
1644 2964 1777 2996 inclusi-

182 3028 251 3049 mus
344 3017 601 3050 festinauimus
627 3017 696 3049 hac
722 3019 860 3048 stamus
887 3017 907 3048 b
