1939 3228
753 117 814 147 lv.
847 114 881 160 2,
902 113 1115 145 llo—12⁶2.
1642 105 1724 147 203

145 234 227 275 qua
262 221 404 275 potest
427 209 581 275 ⁴gratia
619 221 661 260 et
698 233 852 260 uenere
891 218 1178 260 exornandam
1215 220 1331 273 puto.
1389 218 1460 260 sed
1498 218 1726 273 plurimum

146 287 296 341 refert,
337 301 443 341 quae
481 287 537 328 sit
572 289 726 328 natura
764 286 852 327 eius
888 286 969 340 rei,
1010 301 1136 341 quam
1175 300 1443 340 exponemus.
1500 286 1546 327 in
1583 286 1726 340 paruis
1747 288 1821 328 117

146 369 265 410 ergo,
304 354 448 409 quales
479 356 579 395 sunt
607 354 696 395 fere
726 353 937 408 priuatae,
978 354 1033 395 sit
1069 353 1141 395 ille
1178 368 1346 408 pressus
1378 356 1419 395 et
1448 353 1566 395 uelut
1596 353 1727 408 adpli-

147 423 254 464 011116
284 423 345 463 rei
378 422 533 476 cultus,
571 422 616 462 in
646 421 786 463 uerbis
818 436 980 463 summa
1018 421 1260 476 diligentia:
1301 436 1407 476 quae
1445 421 1490 462 in
1518 421 1621 463 locis
1651 421 1727 462 im-

111 510 127 536 5
145 492 248 545 petu
277 490 473 531 feruntur
503 483 552 531 et
577 489 871 530 circumiectae
892 489 1096 530 orationis
1119 489 1239 543 copia
1259 489 1407 543 latent,
1440 488 1510 530 hic
1531 503 1728 544 expressa

147 560 202 612 et,
234 560 282 599 ut
310 558 403 599 uult
433 558 750 611 Zeno,·sensu
780 557 953 598 tincta
984 571 1073 598 esse
1104 556 1338 597 debebunt:
1371 556 1616 610 compositio
1647 556 1728 597 dis-

148 625 345 667 simulata
368 626 548 680 quidem,
581 625 654 666 sed
674 627 818 667 tamen
839 640 966 680 quam
987 624 1308 666 iucundissima:
1340 624 1502 679 figurae
1523 638 1610 666 non
1631 624 1728 665 illae

148 693 339 748 poeticae
371 695 412 735 et
433 694 580 734 contra
600 692 810 734 rationem
830 692 1027 747 loquendi
1050 692 1301 733 auctoritate
1322 694 1513 733 ueterum
1534 694 1729 746 receptae
1750 696 1826 735 118

148 762 266 817 (nam
303 761 427 802 debet
465 775 553 802 esse
592 775 718 815 quam
755 760 1004 814 purissimus
1043 761 1219 815 sermo),
1266 760 1339 801 sed
1378 773 1483 814 quae
1522 759 1730 800 uarietate

97 845 129 870 10
147 829 332 870 taedium
363 828 570 884 effugiant
601 830 642 869 et
672 828 976 870 mutationibus
1008 827 1196 868 animum
1216 827 1377 868 leuent:
1409 841 1463 868 ne
1484 827 1529 868 in
1552 827 1730 868 eundem

150 911 304 951 casum,
337 896 517 938 similem
548 896 894 950 conpositionem,
924 909 1047 950 pares
1078 895 1362 936 elocutionum
1390 897 1552 937 tractus
1573 895 1730 936 incida-

146 979 252 1005 mus.
313 966 427 1006 caret
464 964 577 1005 enim
615 964 765 1004 ceteris
802 963 1024 1005 lenociniis
1063 963 1268 1017 expositio
1299 965 1362 1017 et,
1401 963 1485 1005 nisi
1524 977 1731 1004 commen-

148 1032 269 1073 detur
318 1031 397 1073 hac
447 1033 692 1085 uenustate,
744 1031 883 1072 iaceat
919 1045 1090 1072 necesse
1140 1033 1215 1071 est.
1277 1045 1356 1072 nec
1398 1031 1442 1072 in
1482 1030 1568 1072 ulla
1608 1032 1729 1085 parte
1750 1034 1828 1074 119

147 1099 353 1141 intentior
383 1101 446 1140 est
485 1099 630 1153 iudex,
671 1113 799 1153 eoque
837 1098 946 1140 nihil
983 1100 1095 1140 recte
1135 1098 1294 1140 dictum
1329 1099 1453 1153 perit.
1512 1100 1732 1153 praeterea

99 1182 129 1208 15
147 1168 291 1209 nescio
323 1167 528 1222 quomodo
559 1167 687 1208 etiam
710 1167 843 1208 credit
862 1166 1043 1220 facilius,
1075 1181 1182 1220 quae
1204 1166 1393 1207 audienti
1412 1167 1597 1208 iucunda
1617 1168 1729 1220 sunt,

149 1238 191 1277 et
220 1236 441 1290 uoluptate
473 1235 525 1276 ad
556 1235 681 1276 fidem
702 1235 882 1277 ducitur.
925 1235 997 1276 ubi
1019 1249 1119 1276 uero
1140 1234 1273 1275 maior
1293 1249 1359 1275 res
1382 1234 1475 1289 erit,
1509 1236 1552 1276 et
1573 1235 1733 1275 atrocia
1753 1238 1831 1278 120

147 1303 354 1344 inuidiose
394 1305 437 1344 et
472 1302 613 1344 tristia
652 1303 950 1345 miserabiliter
989 1302 1125 1344 dicere
1164 1301 1332 1355 licebit,
1379 1316 1466 1344 non
1501 1304 1549 1343 ut
1588 1316 1732 1343 consu-

147 1373 319 1412 mantur
350 1371 561 1425 adfectus,
601 1370 673 1412 sed
703 1372 750 1411 ut
780 1373 925 1412 tamen
955 1371 1073 1411 uelut
1102 1370 1249 1425 primis
1288 1370 1411 1411 lineis
1442 1370 1732 1426 designentur,

147 1441 195 1479 ut
224 1439 365 1493 plane,
399 1438 534 1493 qualis
563 1439 707 1479 futura
739 1439 793 1480 sit
822 1439 965 1493 imago
996 1438 1070 1491 rei,
1104 1438 1248 1479 statim
1280 1440 1495 1492 appareat.
1555 1452 1609 1479 ne
1641 1453 1731 1479 sen-
1754 1433 1827 1472 1⁵21

99 1520 131 1546 ρο
149 1506 285 1548 tentia
316 1506 484 1561 quidem
514 1506 630 1547 uelut
659 1506 889 1561 fatigatum
918 1506 1157 1547 intentione
1187 1505 1452 1547 stomachum
1465 1506 1620 1548 iudicis
1641 1506 1732 1547 refi-

152 1589 244 1616 cere
275 1574 555 1628 dissuaserim,
587 1574 769 1615 maxime
801 1574 967 1628 quidem
998 1574 1117 1615 breui
1145 1574 1463 1628 interiectione,
1503 1574 1638 1629 qualis
1670 1576 1733 1615 est

149 1642 223 1683 illa
254 1643 521 1683 ‘fecerunt
551 1642 690 1683 serui
720 1641 958 1696 Milonis,
992 1642 1123 1697 quod
1154 1656 1272 1683 suos
1304 1642 1522 1697 quisque
1553 1656 1732 1683 seruos

149 1710 201 1751 in
232 1710 328 1751 tali
359 1724 411 1751 re
441 1710 619 1751 facere
650 1709 956 1763 uoluisset’,
998 1709 1171 1751 interim
1201 1709 1327 1764 paulo
1357 1710 1565 1761 liberiore,
1599 1710 1733 1764 qualis

151 1780 214 1819 est
245 1777 338 1819 illa:
376 1778 532 1818 nubit
562 1792 757 1832 genero
789 1792 968 1818 socrus
999 1777 1164 1818 nullis
1204 1778 1528 1832 auspicibus,
1569 1777 1733 1818 nullis

100 1859 132 1884 25
151 1845 475 1898 auctoribus,
520 1845 751 1887 funestis
790 1845 1053 1886 ominibus
1091 1846 1330 1887 omnium.
1397 1845 1505 1900 quod
1545 1860 1638 1895 cum
1680 1845 1734 1886 sit
1754 1841 1831 1881 1⁵2?

150 1914 310 1955 factum
340 1914 390 1955 iis
422 1927 583 1968 quoque
614 1913 886 1968 temporibus,
918 1914 1067 1968 quibus
1089 1914 1226 1955 omnis
1255 1914 1306 1954 ad
1335 1913 1563 1954 utilitatem
1594 1913 1733 1967 potius

97 1992 100 1993 ’
151 1997 276 2036 quam
308 1982 360 2023 ad
390 1982 720 2023 ostentationem
752 1981 1083 2035 componebatur
1113 1981 1248 2023 oratio
1280 1984 1321 2022 et
1353 1984 1475 2022 erant
1505 1980 1642 2022 adhuc
1674 1995 1733 2021 se·

151 2049 316 2090 ueriora
335 2049 503 2103 iudicia,
525 2051 685 2104 quanto
705 2064 819 2090 nunc
840 2049 1083 2091 faciendum
1104 2050 1253 2105 magis,
1286 2064 1379 2090 cum
1400 2049 1446 2090 in
1467 2049 1560 2103 ipsa
1583 2048 1733 2103 capitis

152 2119 225 2158 aut
254 2117 521 2158 fortunarum
550 2117 739 2172 pericula
766 2117 928 2172 inrupit
947 2117 1172 2173 uoluptas?
1204 2118 1269 2159 cui
1290 2117 1507 2158 hominum
1529 2117 1734 2158 desiderio

1774 1981 1792 1990 x

248 2244 301 2274 22.
329 2242 404 2274 Cic.
431 2254 465 2285 p.
489 2243 566 2275 Mil.
595 2244 646 2284 10,
672 2246 725 2276 29.
818 2246 872 2276 24.
898 2256 932 2286 p.
959 2244 1103 2278 Cluent.
1129 2247 1161 2286 5,
1189 2245 1242 2278 14.

247 2357 263 2386 l
290 2365 460 2387 uenerem
485 2356 510 2387 B
624 2358 643 2387 2
670 2367 773 2398 quam
800 2375 840 2379 —
869 2357 1066 2398 adplicitus
1092 2358 1144 2397 Bg
1168 2368 1228 2389 om.
1258 2359 1327 2388 Im.
1444 2367 1663 2399 exponemus
1689 2357 1734 2387 A:

158 2400 367 2442 exponimus
393 2401 418 2431 B
445 2406 479 2432 et
507 2401 624 2433 Victor
648 2413 681 2443 p.
702 2404 816 2443 427,1
909 2406 929 2434 3
956 2403 1030 2434 fere
1056 2404 1109 2434 rei
1136 2402 1302 2444 priuatae
1328 2403 1356 2433 A
1450 2406 1486 2433 et
1510 2413 1571 2435 om.
1597 2403 1645 2432 Bn

158 2445 353 2487 applicitus
380 2444 405 2485 (-
416 2449 470 2477 tos
498 2448 516 2476 1
533 2446 588 2486 m.)
612 2447 641 2477 A
747 2448 767 2478 4
791 2447 829 2479 in
853 2447 972 2479 locum
996 2449 1018 2478 b
1124 2450 1144 2479 5
1170 2447 1425 2479 circumiectae
1451 2446 1492 2477 Α1
1601 2448 1619 2477 6
1645 2457 1733 2478 zeno

153 2491 229 2521 Ab:
256 2501 371 2521 zenon
389 2491 426 2530 B,
453 2491 497 2530 ef.
525 2492 570 2522 ad
595 2493 625 2527 2,
644 2494 697 2527 20,
719 2495 737 2522 7
828 2493 848 2524 8
873 2493 1051 2525 rationem
1069 2492 1098 2523 A
1124 2498 1154 2524 et
1178 2493 1314 2524 Victor:
1341 2492 1445 2524 finem
1463 2493 1488 2522 B
1515 2498 1546 2523 et
1570 2493 1733 2533 plerique,

154 2535 258 2567 fidem
285 2537 336 2569 ed.
355 2536 446 2569 deus.
541 2537 560 2567 9
588 2539 624 2566 et
649 2537 709 2576 qui
734 2538 915 2569 uarietate
942 2541 966 2571 t.
993 2538 1146 2579 effugiat
1173 2544 1208 2569 et
1233 2563 1240 2571 .
1271 2563 1277 2569 .
1303 2537 1441 2568 leuctB
1536 2538 1575 2568 12
1603 2538 1733 2568 ceteris

155 2581 349 2612 lenociniis
374 2582 447 2611 Ab:
476 2583 512 2612 et
538 2581 616 2612 eius
642 2581 820 2614 lenonicis
844 2583 869 2613 B
1003 2585 1044 2614 14
1069 2587 1166 2614 recte
1193 2583 1328 2614 dictum
1353 2583 1427 2614 Ab:
1454 2585 1592 2612 rectum
1619 2583 1644 2612 B

155 2628 195 2658 17
220 2625 402 2657 inuidiosa
427 2627 452 2656 B
555 2629 590 2657 et
613 2627 641 2656 A
666 2627 698 2657 in
723 2637 792 2658 ras.
887 2629 1041 2660 tristitia
1066 2629 1128 2659 AB
1244 2627 1369 2658 licebit
1393 2628 1417 2657 B
1444 2632 1475 2657 et
1506 2628 1633 2663 Victor,
1660 2628 1732 2658 item

154 2670 194 2701 A¹
221 2676 255 2702 ut
279 2672 431 2702 uidetur:
458 2670 605 2703 decebit
629 2672 679 2702 ab
796 2677 1031 2705 consumatur
1056 2690 1098 2695 -—
1123 2673 1332 2713 designetur
1363 2673 1481 2703 Victor
1598 2672 1637 2703 18
1663 2671 1732 2704 dis-

156 2717 345 2758 signentur
369 2717 418 2747 Bu
512 2717 552 2748 19
578 2719 616 2747 ut
641 2716 749 2758 plane
774 2718 799 2748 B
825 2722 857 2749 et
881 2718 1018 2751 Victor:
1045 2724 1080 2750 et
1105 2718 1214 2759 plane
1233 2718 1261 2747 A
1354 2718 1396 2748 20
1422 2721 1618 2748 stomacum
1644 2717 1685 2748 ΔΙ

156 2762 195 2792 21
222 2761 326 2792 breui
343 2761 596 2793 interiectione
611 2762 669 2792 Ab
687 2766 717 2793 et
741 2763 878 2794 Victor:
896 2763 1054 2795 breuiter
1072 2764 1208 2794 iniecta
1225 2763 1250 2792 B
1321 2764 1362 2792 212
1379 2766 1454 2802 post
1473 2761 1538 2793 illa
1556 2765 1587 2793 in
1601 2763 1630 2793 A
1648 2763 1733 2794 duae

156 2810 264 2837 tresue
290 2807 423 2839 litterae
448 2817 567 2838 erasae
638 2807 673 2838 id
692 2807 784 2848 quod
805 2808 920 2840 Cicero
1005 2811 1046 2840 23
1073 2808 1139 2839 tali
1164 2817 1201 2838 re
1219 2808 1247 2837 A
1272 2811 1304 2838 ut
1329 2807 1407 2838 libri
1426 2807 1585 2838 Tulliani:
1611 2817 1648 2838 re
1666 2807 1734 2839 tali

157 2851 182 2880 B
207 2856 238 2882 et
268 2852 386 2883 Victor
477 2853 520 2883 24
545 2862 677 2893 genere
702 2853 739 2892 B,
766 2854 889 2893 generi
913 2854 933 2884 b
1025 2854 1067 2885 25
1093 2852 1269 2885 ominibus
1295 2852 1361 2885 ab:
1388 2851 1590 2884 hominibus
1615 2853 1676 2883 AB

157 2895 198 2926 26
223 2896 253 2928 is
278 2896 316 2936 B,
342 2896 398 2927 his
422 2897 479 2928 Ab
570 2898 612 2929 27
639 2907 744 2939 quam
770 2897 815 2929 ad
841 2896 905 2939 (ad
930 2900 1001 2930 lm.
1027 2909 1054 2929 s.
1079 2898 1115 2938 l.)
1139 2898 1180 2937 A,
1208 2898 1352 2938 quamB
1444 2897 1731 2938 componaturA¹

245 2942 288 2973 28
312 2941 521 2973 faciundum
540 2943 566 2973 B
658 2943 695 2974 in
720 2953 781 2975 om.
806 2942 849 2973 A¹
941 2945 983 2975 29
1008 2943 1172 2985 pericula
1195 2944 1326 2985 irrupit
1349 2941 1378 2973 A
1401 2954 1440 2974 m.
1457 2945 1478 2974 2
1504 2944 1537 2975 in
1561 2954 1630 2974 ras.
