1939 3228
825 121 888 152 VI.
936 119 971 165 3,
994 118 1167 150 86—96.
1713 113 1797 155 327

23 227 38 234 “
103 216 107 219 Δ
138 230 141 231 ’
196 238 221 265 a
251 236 322 264 reo
351 222 514 264 femina
545 236 622 263 sua
654 222 766 264 ferro
796 223 954 278 petita,
997 225 1039 266 et
1070 226 1181 266 esset
1211 224 1351 267 facilis
1390 225 1683 281 reprehensio,
1725 241 1799 268 cur

72 277 81 287 ι
193 291 313 333 illam
342 289 612 346 potissimum
633 292 801 346 partem
824 291 1012 346 corporis
1034 292 1261 335 uulnerare
1284 294 1506 337 uoluisset:
1538 294 1661 349 ‘quid
1683 295 1797 336 enim

194 359 394 413 faceret',
427 358 569 413 inquit
600 361 719 400 ‘cum
749 361 797 400 tu
828 359 997 415 galeam
1030 363 1072 402 et
1101 360 1277 403 loricam
1307 361 1542 403 habei·es‘?’
1594 363 1660 404 uel
1690 363 1866 417 opti-92

194 442 264 469 ma
295 428 359 468 est
389 426 605 468 simulatio
638 429 788 468 contra
818 426 1105 483 simulantem,
1138 429 1275 484 qualis
1297 429 1372 471 illa
1393 429 1556 472 Domiti
1579 431 1676 472 Afri
1696 431 1796 473 fuit.

159 496 315 539 5uetus
353 493 543 536 habebat
579 497 908 550 testamentum,
958 498 1001 538 et
1038 511 1147 538 unus
1189 512 1239 538 ex
1278 499 1425 539 amicis
1471 499 1795 553 recentioribus,

193 577 369 619 sperans
408 562 568 618 aliquid
617 578 666 604 ex
705 564 942 605 mutatione
980 564 1245 620 tabularum,
1294 566 1446 608 falsam
1492 565 1683 608 fabulam
1731 567 1794 608 in-

127 625 132 628 *
192 631 374 685 tulerat,
417 631 642 673 consulens
674 646 791 686 eum,
834 648 890 674 an
921 632 1179 687 primipilari
1222 634 1314 675 seni
1345 634 1429 675 iam
1461 636 1621 676 testato
1651 649 1796 677 rursus

192 701 389 742 suaderet
418 699 616 741 ordinare
647 714 845 755 suprema
876 701 1052 756 iudicia,
1092 701 1227 743 ‘noli’
1266 702 1407 757 inquit
1440 702 1623 744 ‘facerez
1667 703 1795 745 offen-

191 769 254 810 dis
283 768 442 809 illum'.
791 809 793 811 ,

4 850 9 877 ι
141 854 173 881 ιο
301 836 613 878 Iucundissima
652 838 753 878 sunt
790 839 932 879 autem
970 852 1019 879 ex
1059 837 1126 879 his
1165 838 1360 881 omnibus
1400 838 1514 880 lenia
1554 842 1615 894 et,
1656 842 1704 882 ut
1734 840 1794 882 sic
1810 843 1864 884 93

191 904 382 953 dixerim,
414 904 517 947 boni
548 905 779 947 stomachi:
813 908 860 947 ut
881 905 988 948 Afer
1009 906 1122 948 idem
1155 907 1328 967 ingrato
1350 907 1560 963 litigatori
1594 922 1792 963 conspec-

190 975 281 1016 tum
319 973 408 1015 eius
453 973 500 1014 in
540 973 632 1015 foro
670 973 826 1015 uitanti
868 989 944 1029 per
981 976 1345 1017 nomenclatorem
1383 976 1559 1018 missum
1598 978 1650 1018 ad
1682 992 1791 1032 eum,

191 1045 330 1084 ‘amas
368 1047 481 1096 me',
522 1042 662 1096 inquit
701 1043 834 1097 ‘quod
866 1045 908 1084 te
940 1058 1029 1084 non
1068 1044 1210 1085 uidi‘?’
1272 1046 1315 1086 et
1353 1044 1661 1099 dispensatori,
1704 1046 1790 1102 qui,

84 1158 92 1159 ἶ
191 1125 285 1152 cum
315 1110 480 1166 reliqua
511 1125 599 1151 non
629 1111 952 1165 responderent,
986 1111 1155 1154 dicebat
1187 1112 1366 1154 subinde
1399 1116 1511 1154 ‘non
1534 1113 1697 1155 comedi
1717 1130 1790 1169 pa-

26 1177 87 1224 ,ζ’
110 1230 118 1233 Ἴ
141 1180 172 1221 15
189 1194 287 1221 116111
318 1180 361 1220 et
391 1193 544 1233 aquam
575 1178 719 1220 bibo’:
753 1182 923 1234 ‘passer
954 1179 1080 1221 redde
1113 1181 1223 1236 quod
1254 1181 1421 1223 debes'.
1483 1196 1590 1237 quae
1622 1182 1706 1226 ὑπὸ
1739 1185 1788 1227 τὸ

189 1249 293 1301 ἦθος
323 1249 494 1289 uocant.
557 1248 621 1288 est
664 1249 814 1302 gratus
853 1248 992 1302 iocus,
1026 1249 1096 1303 qui
1128 1250 1269 1291 minus
1302 1250 1531 1304 exprobrat
1562 1265 1690 1305 quam
1719 1253 1860 1305 110-94

188 1318 290 1370 test,
330 1317 378 1357 ut
415 1315 525 1356 idem
558 1315 718 1357 dicenti
751 1316 979 1358 candidato
1026 1320 1215 1372 ‘semper
1262 1319 1432 1359 domum
1478 1321 1595 1360 tuam
1642 1318 1751 1361 colui
1765 1323 1791 1374 ³,

191 1399 283 1427 cum
320 1386 466 1439 posset
505 1383 648 1438 palam
687 1399 867 1440 negare,
908 1385 1077 1427 ‘credo’
1110 1385 1249 1441 inquit
1289 1389 1353 1428 ‘et
1384 1401 1533 1428 uerum
1566 1389 1666 1428 est’.
1728 1388 1791 1430 in-

45 1503 48 1507 4
187 1453 312 1494 terim
343 1453 393 1493 de
425 1466 469 1494 se
501 1452 639 1494 dicere
671 1453 896 1495 ridiculum
928 1456 1012 1496 cst:
1045 1457 1099 1509 et,
1132 1455 1242 1509 quod
1273 1455 1318 1496 in
1350 1455 1481 1496 alium
1512 1456 1547 1496 si
1569 1456 1791 1499 absentem

4 1560 16 1568 ,
49 1511 59 1534 ⁷*
79 1522 105 1574 j
138 1538 171 1564 20
188 1521 421 1575 diceretur,
464 1521 677 1563 urbanum
707 1536 795 1562 non
827 1524 938 1576 erat,
971 1522 1173 1577 quoniam
1204 1523 1286 1578 ipsi
1317 1523 1460 1578 palam
1492 1524 1787 1579 exprobratur,

87 1582 113 1586 Μ
187 1591 329 1632 mouet
359 1590 511 1631 risum:
551 1589 675 1644 quale
707 1590 893 1645 Augusti
926 1593 1012 1644 est,
1054 1605 1147 1632 cum
1180 1592 1233 1633 ab
1265 1606 1313 1633 eo
1352 1591 1472 1634 miles
1513 1593 1656 1634 nescio
1687 1593 1788 1648 quid
1802 1595 1856 1637 95

186 1657 363 1713 inprobe
393 1659 561 1713 peteret
592 1660 634 1699 et
664 1659 832 1700 ueniret
864 1661 1013 1700 contra
1043 1659 1302 1713 Marcianus,
1336 1675 1460 1715 quem
1492 1661 1790 1715 suspicabatur

188 1728 230 1768 et
267 1726 408 1781 ipsum
445 1725 603 1781 aliquid
641 1726 798 1768 iniuste
839 1730 1110 1782 rogaturum:
1158 1733 1268 1770 ‘non
1309 1729 1471 1784 magis’
1517 1729 1658 1784 inquit
1705 1731 1789 1771 ‘fa-

39 1839 46 1843 ‚
189 1795 317 1849 ciam,
352 1794 604 1849 commilito,
637 1794 748 1849 quod
779 1795 911 1850 petis,
952 1810 1078 1850 quam
1110 1797 1220 1851 quod
1252 1796 1498 1838 Marcianus
1530 1812 1553 1838 a
1584 1812 1651 1839 me
1682 1798 1788 1853 peti-

12 1852 51 1883 ⁷³s
83 1874 90 1878 ·
135 1879 169 1907 25
185 1864 304 1905 turus
336 1864 438 1904 est.'

297 1931 520 1972 Adiuuant
550 1930 839 1973 urbanitatem
872 1934 914 1974 et
944 1947 1090 1978 uersus
1124 1934 1339 1975 commode
1360 1934 1502 1989 positi,
1537 1948 1609 1976 seu
1630 1935 1710 1976 toti
1741 1927 1856 1978 11196

188 2001 288 2041 sunt
328 1999 458 2054 (quod
496 1999 599 2040 adeo
640 1999 768 2041 facile
807 2003 891 2056 est,
932 2003 979 2042 ut
1017 2001 1195 2043 Ouidius
1234 2016 1283 2043 ex
1326 2002 1611 2044 tetrastichon
1651 2003 1787 2046 Macri

189 2068 374 2131 carmine
414 2067 570 2109 librum
600 2068 647 2109 in
677 2068 812 2110 malos
842 2071 992 2124 poetas
1024 2070 1348 2125 composuerit),
1381 2071 1493 2126 quod
1523 2071 1571 2112 fit
1603 2072 1784 2128 gratius,

275 2197 294 2227 2
321 2194 387 2227 illa
413 2196 439 2226 G
532 2195 693 2227 uoluisse
717 2193 759 2226 A¹
878 2196 898 2226 4
924 2200 981 2228 est
1006 2197 1045 2227 h'
1072 2196 1257 2230 simulatio
1282 2198 1311 2228 A
1405 2198 1557 2230 Domitii
1583 2207 1603 2233 ς
1696 2200 1716 2231 5
1743 2210 1786 2231 ex

187 2240 314 2272 amicis
339 2241 612 2273 recencioribus
636 2241 665 2272 A
690 2243 722 2272 in
747 2251 817 2272 ras.
923 2243 943 2273 6
970 2242 1109 2284 aliquid
1134 2242 1177 2273 A¹
1297 2245 1315 2275 7
1343 2244 1583 2285 primipilaris
1611 2246 1707 2276 enim
1733 2245 1785 2276 in-

186 2289 343 2318 testator
368 2288 497 2326 (testor
515 2286 548 2326 S)
577 2286 750 2319 suaderet
777 2286 872 2321 libri,-
898 2289 1160 2320 emendationem
1186 2290 1251 2321 lom·
1276 2289 1316 2320 ab
1343 2291 1420 2321 aliis
1444 2291 1612 2331 inceptam
1637 2290 1786 2331 perfecit

187 2331 352 2373 Spalding
467 2332 487 2363 8
513 2331 678 2364 offendes
704 2331 799 2363 enim
832 2332 1004 2365 Turnebus
1029 2335 1178 2365 Aduers.
1197 2336 1250 2370 27,
1271 2336 1316 2366 :2¹5
1451 2336 1490 2366 10
1515 2335 1616 2367 lenia
1643 2336 1785 2377 Νεμέας.-

186 2376 286 2409 lenta
310 2378 384 2417 AG,
411 2376 510 2409 leuia
535 2378 571 2407 M
695 2380 731 2408 et
756 2388 818 2409 ont.
845 2378 979 2409 AGMS
1121 2380 1160 2410 11
1186 2379 1276 2410 Afer
1301 2379 1397 2410 idem
1424 2381 1571 2421 ingrato
1598 2380 1784 2422 Spalding:

187 2432 273 2464 aper
296 2423 416 2454 iadem
443 2423 616 2462 (iamdem
642 2424 675 2461 a)
702 2424 821 2464 igrato
838 2424 879 2461 A,
906 2424 1030 2466 aperix't
1056 2424 1242 2466 (aperiant
1263 2424 1313 2464 M)
1340 2425 1546 2466 demigrato
1564 2426 1670 2464 GsM,
1697 2426 1786 2458 Afer

187 2467 329 2510 ingrato
358 2469 480 2510 Regius
590 2470 631 2500 14
656 2467 923 2509 responderent
949 2469 1133 2501 Salmasius
1158 2469 1221 2509 (ad
1245 2470 1425 2512 Spartiani
1447 2471 1564 2502 Hadr.
1592 2481 1619 2502 e.
1649 2470 1703 2511 7).·
1729 2482 1783 2503 re—

187 2513 382 2554 sponderet
407 2513 496 2547 libri.
523 2514 586 2545 56ιί
609 2512 650 2544 A'
678 2517 909 2555 responeret3
945 2515 990 2546 ad
1016 2515 1158 2555 reliqua
1184 2525 1255 2547 non
1281 2516 1521 2558 responderet
1546 2516 1670 2557 Reyius

187 2558 327 2590 comedi
351 2560 378 2589 G
477 2570 573 2601 pane
601 2562 637 2590 et
663 2569 758 2600 aqua
782 2558 824 2590 Αί
945 2561 985 2591 16
1010 2560 1112 2592 iocus
1138 2561 1280 2601 Regius:
1306 2561 1407 2593 locus
1432 2562 1535 2601 AGS,
1563 2561 1630 2594 hoc
1656 2563 1692 2592 M

188 2604 363 2645 exprobat
387 2604 417 2634 A
524 2606 563 2636 17
590 2606 725 2636 (Ionium
750 2605 779 2635 A
897 2607 937 2638 18
962 2615 1079 2638 uerum
1104 2607 1236 2638 interim
1261 2607 1290 2637 A
1314 2607 1346 2638 in
1372 2617 1442 2638 ras.
1471 2604 1546 2648 (om.
1575 2607 1645 2647 est)
1742 2610 1782 2640 19

187 2647 229 2680 de
255 2659 294 2680 se
319 2649 441 2681 dicere
458 2650 487 2680 A
512 2652 533 2681 2
551 2661 590 2682 m.
616 2651 649 2681 in
675 2660 745 2684 ras.
772 2650 814 2681 de
842 2655 1038 2692 praesente
1064 2651 1185 2683 dicere
1212 2653 1297 2683 coni.
1318 2652 1445 2693 Zumpt,
1476 2655 1511 2683 et
1536 2653 1633 2684 serio
1659 2652 1783 2685 dicere

189 2693 331 2726 Meister
356 2706 387 2737 q.
414 2694 450 2733 Q.
469 2695 526 2735 lI,
546 2697 587 2726 11
683 2698 738 2726 est
763 2706 822 2728 om.
850 2697 902 2728 ed.
930 2697 1041 2730 Bonn.
1144 2697 1239 2738 quod
1265 2697 1303 2728 in
1329 2697 1520 2729 absentem
1545 2698 1576 2729 si
1602 2697 1785 2730 diceretur

190 2739 315 2781 Zumpt,
342 2739 434 2782 quod
458 2740 496 2771 in
523 2740 633 2772 alium
660 2741 849 2773 absentem
877 2742 909 2773 si
935 2742 1005 2774 dic.
1033 2742 1181 2784 Capper.
1286 2744 1327 2774 20
1353 2742 1493 2774 diceret
1518 2743 1603 2782 libri,
1632 2754 1691 2776 em.
1719 2743 1781 2776 Ob-

188 2784 279 2816 reclei
371 2785 412 2816 21
439 2790 560 2818 mouet
584 2786 696 2818 risum
722 2787 751 2816 A
858 2788 900 2818 22
928 2791 964 2818 et
989 2789 1069 2819 add.
1095 2787 1262 2829 Spaldiny
1354 2789 1558 2820 martianus
1583 2790 1657 2827 MS,
1686 2799 1781 2820 mar-

188 2838 298 2862 canus
323 2831 362 2867 A,
388 2837 616 2863 mar**an11s
641 2831 737 2872 (add.
765 2832 776 2862 i
800 2842 872 2873 sup.
898 2832 988 2874 ras.)
1014 2833 1040 2863 G
1178 2834 1220 2864 ⁵24
1253 2832 1346 2874 quod
1371 2835 1467 2875 petis
1492 2835 1572 2865 AG:
1607 2836 1665 2876 qffl
1690 2846 1724 2876 p.
1751 2836 1781 2871 S,

188 2883 277 2914 quae
303 2886 336 2916 p.
362 2877 427 2911 Μς
519 2877 562 2908 26
587 2877 761 2909 adiuuant
784 2877 1033 2909 urbanitatem
1059 2879 1088 2908 A
1181 2878 1318 2920 positi*
1342 2878 1371 2909 A
1465 2880 1532 2911 toti
1557 2879 1699 2920 Reyius:
1726 2883 1781 2912 tot

187 2919 263 2951 libri
287 2919 358 2960 (tot
382 2925 422 2953 ut
445 2925 529 2953 sunt
553 2932 619 2954 seu
643 2922 764 2964 plures
790 2927 824 2963 a)
942 2925 983 2956 27
1010 2923 1121 2955 adeos
1147 2924 1173 2953 G
1273 2924 1497 2957 tetrasticon
1521 2925 1639 2966 AGM,
1665 2927 1728 2958 sed
1750 2926 1780 2956 A

188 2973 231 2996 ex
253 2966 469 2998 tetrasticon
493 2968 527 3000 z'n
551 2978 622 3001 νας.
647 2971 803 3000 tetraste
830 2978 909 3000 curn
934 2969 953 2999 S
1046 2970 1089 3002 28
1114 2968 1154 3001 fit
1177 2968 1207 3000 A
1231 2970 1265 3001 in
1288 2980 1360 3004 νας.
