1939 3228
579 723 877 804 LIBER
939 757 1421 807 OCTAUUs.

822 985 897 1030 Pr
908 1001 932 1030 0
945 1001 969 1031 ο
980 1003 1003 1031 e
1013 1002 1051 1031 m
1063 988 1080 1031 ε’
1090 1003 1115 1030 u
1125 1002 1175 1031 m.

313 1082 392 1123 His
422 1083 524 1136 fere,
559 1098 665 1137 quae
687 1083 731 1123 in
754 1084 967 1137 proximos
989 1085 1174 1139 quinque
1197 1086 1325 1127 libros
1349 1087 1518 1128 conlata
1540 1090 1652 1141 sunt,
1684 1089 1793 1129 ratio

199 1150 445 1191 inueniendi
486 1153 611 1205 atque
650 1152 827 1191 inuenta
868 1151 1120 1205 disponendi
1160 1154 1424 1208 continetur,
1469 1169 1595 1208 quam
1635 1158 1681 1196 ut
1719 1171 1794 1210 per

201 1218 336 1259 omnis
368 1233 564 1259 numeros
595 1219 766 1273 penitus
800 1233 1054 1273 cognoscere
1087 1221 1138 1261 ad
1176 1235 1384 1262 summam
1414 1222 1618 1263 scientiae
1650 1238 1792 1264 neces-

200 1286 357 1327 sarium
388 1288 473 1340 est,
513 1286 575 1328 ita
614 1287 921 1341 incipientibus
960 1288 1129 1329 breuius
1170 1303 1218 1330 ac
1249 1289 1483 1343 simplicius
1514 1291 1624 1331 tradi
1656 1292 1792 1346 magis

165 1364 180 1389 5
201 1355 414 1395 conuenit.
477 1356 550 1394 aut
581 1355 693 1395 enim
725 1354 979 1396 difficultate
1010 1356 1292 1398 institutionis
1332 1359 1420 1398 tam
1451 1372 1700 1400 numerosae
1731 1358 1831 1400 atr-2

198 1436 277 1476 que
309 1422 535 1476 perplexae
567 1422 771 1463 deterreri
802 1422 961 1477 solent,
1003 1426 1075 1465 aut
1113 1439 1159 1465 eo
1198 1427 1406 1479 tempore,
1445 1440 1525 1480 quo
1563 1427 1790 1481 praecipue

199 1489 352 1530 alenda
382 1490 559 1544 ingenia
591 1492 717 1544 atque
747 1490 1017 1545 indulgentia
1048 1493 1229 1546 quadam
1253 1493 1503 1534 enutrienda
1526 1497 1639 1547 sunt,
1674 1509 1791 1549 aspe-

196 1557 354 1598 riorum
386 1559 574 1598 tractatu
605 1572 744 1598 rerum
776 1561 1041 1613 atteruntur,
1082 1563 1175 1613 aut,
1219 1561 1251 1601 si
1284 1560 1387 1602 haec
1420 1561 1509 1602 sola
1539 1562 1789 1617 didicerunt,

197 1625 298 1666 satis
331 1640 374 1666 se
407 1625 458 1666 ad
490 1625 775 1679 eloquentiam
805 1626 1037 1668 instructos
1069 1627 1346 1682 arbitrantur,
1379 1632 1452 1670 aut
1482 1630 1600 1684 quasi
1631 1630 1683 1671 ad
1705 1645 1790 1671 cer-

148 1704 177 1730 10
196 1694 262 1732 tas
294 1692 497 1746 quasdam
529 1693 696 1734 dicendi
727 1694 843 1748 leges
875 1695 1043 1749 alligati
1074 1698 1272 1736 conatum
1304 1711 1472 1738 omnem
1493 1698 1786 1739 reformidant.

196 1759 307 1800 unde
338 1760 586 1801 existimant
617 1761 819 1802 accidisse
850 1764 910 1815 ut,
942 1763 1012 1817 qui
1044 1763 1362 1818 diligentissimi
1385 1767 1540 1806 artium
1563 1767 1829 1820 scriptores3

196 1828 430 1881 extiterint,
465 1828 517 1868 ab
549 1828 790 1883 eloquentia
822 1830 1068 1884 longissime
1100 1831 1273 1873 fuerint.
1333 1833 1403 1873 uia
1433 1835 1577 1874 tamen
1600 1848 1703 1887 opus
1727 1837 1790 1875 est

194 1895 514 1950 incipientibus,
548 1897 621 1937 sed
652 1911 700 1938 ea
731 1897 861 1951 plana
893 1900 933 1939 et
967 1913 1061 1939 cum
1093 1899 1145 1939 ad
1176 1899 1503 1954 ingrediendum
1532 1904 1623 1942 tum
1647 1902 1699 1943 ad
1721 1902 1805 1947 de-x

194 1964 519 2004 monstrandum
551 1964 762 2018 expedita.
825 1965 958 2020 eligat
988 1966 1132 2021 itaque
1163 1966 1323 2021 peritus
1354 1968 1426 2009 ille
1456 1972 1707 2023 praeceptor
1739 1985 1788 2010 ex

145 2042 176 2068 15
195 2032 389 2072 omnibus
420 2031 581 2086 optima
613 2034 655 2072 et
685 2033 828 2073 tradat
859 2048 908 2074 ea
939 2034 1106 2075 demum
1136 2035 1181 2075 in
1212 2036 1468 2090 praesentia,
1502 2051 1608 2090 quae
1629 2037 1785 2091 placet,

193 2101 355 2140 remota
386 2099 603 2140 refutandi
635 2102 775 2140 cetera
806 2115 945 2143 mora:
978 2105 1208 2157 sequentur
1240 2104 1352 2144 enim
1384 2104 1580 2159 discipuli
1611 2120 1692 2159 quo
1716 2105 1787 2146 du-

193 2166 318 2208 xeris.
385 2181 482 2208 mox
523 2181 617 2208 cum
655 2168 804 2209 robore
843 2169 1010 2210 dicendi
1049 2174 1209 2212 crescet
1248 2172 1375 2212 etiam
1415 2172 1607 2213 eruditio.
1675 2173 1828 2215 idem4

193 2234 329 2288 primo
361 2234 496 2275 solum
526 2235 607 2276 iter
639 2235 815 2276 credant
845 2251 956 2290 esse,
998 2237 1043 2278 in
1083 2239 1194 2292 quod
1231 2239 1510 2289 inducentur,
1548 2255 1644 2281 mox
1681 2241 1786 2281 illud

195 2301 408 2356 cognituri
440 2302 567 2343 etiam
599 2303 818 2357 optimum.
887 2307 987 2345 sunt
1018 2308 1160 2346 autem
1190 2321 1327 2360 neque
1358 2307 1536 2348 obscura
1566 2322 1700 2362 neque
1733 2308 1785 2348 ad

143 2381 175 2405 20
194 2369 515 2423 percipiendum
546 2371 754 2423 difficilia,
788 2386 895 2426 quae
927 2373 1153 2427 scriptores
1182 2374 1358 2414 diuersis
1390 2375 1662 2428 opinionibus
1692 2390 1784 2429 per-

284 2497 299 2526 1
328 2496 485 2537 quinque
510 2497 539 2527 A
563 2497 597 2528 in
621 2508 691 2528 ras.
784 2499 803 2529 ‘2
831 2498 1063 2530 continentur
1087 2500 1150 2529 MS
1176 2503 1207 2531 et
1233 2500 1313 2532 dett.
1407 2503 1425 2532 3
1452 2510 1620 2532 numerus
1645 2500 1725 2532 A¹G

193 2542 214 2571 4
237 2541 290 2572 ita
316 2551 376 2572 om.
404 2541 457 2571 GS
550 2543 570 2573 5
596 2544 659 2573 aut
685 2543 777 2574 enim
804 2543 832 2573 A
858 2544 890 2574 in
915 2554 985 2575 ras.
1078 2545 1332 2576 innumerosae
1360 2543 1445 2584 (—se]
1468 2546 1612 2584 AGMS,
1640 2557 1699 2581 em,
1718 2547 1784 2578 Re-

190 2587 264 2626 gius
289 2586 334 2625 cf.
353 2589 385 2625 5,
406 2588 519 2621 10,10
627 2589 645 2619 7
673 2588 912 2629 asperitorum
938 2590 965 2619 G
1079 2591 1098 2622 S
1125 2592 1314 2621 atei-untur
1339 2589 1377 2620 G¹
1497 2594 1560 2622 aut
1585 2591 1615 2622 si
1639 2592 1668 2622 A
1693 2602 1782 2624 corr.

128 2648 147 2660 ι
193 2641 238 2662 ex
262 2633 300 2661 ut
370 2632 389 2662 9
417 2631 629 2672 eloquentia
654 2632 733 2663 A¹G
827 2635 868 2666 10
894 2634 1069 2674 quasdam
1096 2645 1155 2666 om.
1182 2636 1208 2665 G
1236 2637 1304 2667 Im.
1330 2637 1405 2666 item
1431 2647 1460 2666 ll.
1480 2638 1520 2666 1]
1548 2636 1729 2668 accidisse

194 2675 337 2706 allicati
360 2675 416 2716 A¹‚
444 2676 598 2718 allegati
615 2679 678 2708 MS
772 2683 936 2710 conatum
953 2681 982 2710 A
1075 2690 1179 2711 omne
1198 2681 1224 2710 G
1318 2682 1357 2711 12
1385 2681 1573 2712 extiterint
1591 2691 1627 2712 a:
1655 2682 1784 2713 existe-

193 2721 265 2750 rint
288 2721 364 2761 AG,
393 2722 593 2753 extiterunt
617 2724 680 2754 MS
774 2724 934 2755 afuerint
959 2726 1067 2757 malim
1185 2727 1224 2756 15
1249 2725 1372 2766 placet
1399 2725 1459 2765 (Sc,
1485 2726 1646 2765 tradere)
1673 2728 1780 2758 AGS:

193 2765 338 2805 placent
363 2767 398 2796 Μ
424 2772 456 2798 et
480 2768 555 2799 rell.
584 2771 662 2805 noti,
690 2770 765 2800 item
790 2770 865 2800 edd.
985 2771 1024 2801 16
1051 2773 1247 2810 sequentur
1271 2770 1314 2800 A:
1344 2774 1548 2811 seq**11tnr
1574 2772 1600 2801 G
1625 2770 1690 2812 (est
1715 2783 1781 2803 ma-

193 2811 265 2841 cula
289 2812 322 2841 in
347 2811 438 2853 cod.)
465 2815 664 2853 sequuntur
682 2815 712 2853 S,
739 2816 912 2845 secuntur
928 2816 963 2844 M
1057 2825 1123 2856 quo
1148 2814 1294 2847 duxeris
1312 2825 1349 2846 a:
1377 2815 1471 2856 quod
1496 2817 1643 2847 uexeris
1660 2817 1779 2857 AGM,

194 2864 261 2895 quo
286 2857 430 2888 uexeris
455 2858 475 2887 S
615 2860 654 2890 17
681 2858 828 2890 dicendi
853 2860 977 2890 AGM:
1005 2859 1169 2891 discendi
1193 2861 1212 2890 S
1350 2860 1444 2891 idem
1471 2862 1586 2891 GMS:
1619 2861 1715 2893 idest
1739 2863 1777 2899 A,

192 2898 298 2930 iidem
325 2908 345 2934 ς
439 2902 479 2933 18
505 2901 599 2944 mox]
625 2905 673 2935 sie
697 2904 726 2934 A
752 2914 880 2946 quoque
906 2906 984 2944 (non
1010 2903 1104 2946 post)
1225 2906 1264 2937 19
1292 2904 1335 2936 ad
1361 2906 1661 2948 praecipiendum
1687 2908 1722 2937 M
1747 2912 1781 2938 nt

193 2943 355 2987 Spalding]
379 2946 522 2979 malebat
