1939 3180
131 75 215 118 336
657 85 952 125 QUINTILIANI
983 85 1103 118 INST.
1137 86 1213 118 on.

61 188 117 230 22
130 203 288 245 genere
327 188 624 243 quaestionum
662 188 754 230 fieri
793 190 948 245 potest.
1011 203 1065 232 ne
1097 189 1203 231 iliud
1233 190 1404 245 quidem
1434 190 1635 246 ignorare
1666 191 1736 232 ad-

130 259 330 299 uocatum
360 256 472 312 uolo,
505 271 587 312 quo
618 271 810 312 quaeque
823 250 989 300 ‘ordine
1010 258 1208 316 probatio
1229 258 1286 317 sit
1307 258 1417 314 apud
1438 258 1622 301 iudicem
1642 274 1737 314 pro-

64 376 67 378 ,
129 325 317 380 ferenda,
352 325 468 367 cuius
499 325 562 367 rei
593 325 740 367 eadem
771 327 950 378 quaein
982 326 1248 382 argumentis
1269 327 1380 369 ratio
1402 329 1479 382 est,
1511 330 1559 370 ut
1589 330 1737 384 poten-

127 394 296 436 tissima
326 394 466 449 prima
497 395 540 435 et
571 408 736 436 summa
757 397 996 450 ponantur:
1027 395 1102 437 illa
1124 395 1239 437 enim
1260 396 1314 437 ad
1337 395 1595 438 credendum
1616 411 1737 452 prae-

127 464 287 518 parant
316 462 513 518 iudicem,
546 462 653 505 haec
685 464 739 505 ad
771 464 1153 519 pronuntiandum.
1756 475 1772 500 5

242 531 295 573 V.
346 531 426 573 His
447 546 524 586 pro
546 534 693 574 nostra
714 531 920 575 facultate
941 533 1138 577 tractatis
1160 528 1249 575 non
1270 532 1532 575 dubitassem
1552 534 1738 576 transire

128 600 327 655 protinus
350 600 401 641 ad
424 600 761 656 dispositionem,
795 616 902 657 quae
925 602 1074 643 ordine
1097 601 1189 657 ipso
1211 602 1416 657 sequitur,
1450 602 1534 644 nisi
1555 616 1736 658 uererer,

127 683 202 723 ne,
245 668 447 723 quoniam
478 668 677 725 fuerunt,
719 670 790 726 qui
828 670 1084 712 iudicium
1122 670 1366 713 inuentioni
1409 670 1735 727 subiungerent,

127 737 383 791 praeterisse
433 737 547 780 hunc
591 738 730 780 locum
776 739 1031 794 quibusdam
1076 739 1264 794 uiderer,
1312 739 1384 795 qui
1429 754 1524 781 mea
1567 740 1737 795 quidem

128 806 331 861 opinione
364 806 469 848 adeo
500 807 695 862 partibus
727 808 865 862 operis
897 807 1021 850 huius
1053 808 1250 850 omnibus
1283 823 1467 851 conexus
1499 822 1549 851 ac
1579 809 1737 850 mixtus
1758 817 1789 842 10

127 877 213 930 est,
247 877 295 917 ut
325 890 379 917 ne
411 890 435 917 a
466 876 695 918 sententiis
726 876 897 931 quidem
930 878 1003 918 aut
1033 876 1175 918 uerbis
1208 877 1359 920 saltem
1391 877 1572 933 singulis
1602 877 1738 933 possit

85 943 331 999 2separari,
364 958 444 986 nec
476 944 616 1000 magis
649 947 739 986 arte
778 944 963 987 traditur
1001 959 1129 1000 quam
1161 948 1311 1001 gustus
1344 948 1418 988 aut
1448 946 1564 988 odor.
1626 946 1738 988 ideo-

126 1027 206 1067 que
237 1027 336 1068 nos,
378 1013 479 1068 quid
510 1013 556 1055 in
588 1028 752 1069 quaque
783 1028 828 1055 re
860 1013 1121 1069 sequendum
1155 1014 1474 1070 cauendumque
1505 1015 1583 1070 sit,
1618 1016 1736 1057 doce-

125 1095 218 1123 mus
251 1096 300 1123 ac
331 1081 532 1137 deinceps
563 1082 823 1137 docebimus,
857 1085 905 1124 ut
936 1083 988 1124 ad
1020 1097 1069 1124 ea
1097 1083 1301 1125 iudicium
1332 1083 1556 1140 dirigatur.
1617 1098 1737 1139 prae-

127 1149 282 1205 cipiam
319 1150 473 1207 igitur,
514 1165 569 1192 ne
609 1151 720 1206 quod
757 1151 871 1200 ,effici
904 1166 991 1194 11011
1022 1154 1165 1207 potest
1196 1152 1519 1208 adgrediamur,
1560 1154 1608 1194 ut
1639 1160 1787 1195 con-1⁵
1838 1192 1841 1197 .

124 1219 258 1260 traria
288 1219 472 1261 uitemus
504 1221 546 1261 et
578 1220 841 1275 communia,
883 1235 937 1262 ne
977 1220 1077 1276 quid
1116 1221 1161 1262 in
1200 1220 1435 1276 eloquendo
1474 1223 1734 1277 corruptum,

126 1287 353 1330 obscurum
385 1288 472 1330 sit?
532 1288 745 1330 referatur
777 1291 946 1344 oportet
977 1289 1029 1330 ad
1061 1304 1224 1345 sensus,
1258 1290 1330 1346 qui
1361 1304 1448 1332 non
1481 1290 1700 1332 docentur.

85 1358 111 1399 3
240 1356 332 1399 Nec
362 1356 544 1399 multum
575 1373 599 1399 a
630 1358 786 1400 iudicio
819 1358 943 1400 credo
975 1358 1134 1400 distare
1167 1359 1472 1414 consilium,
1507 1358 1592 1400 nisi
1622 1358 1735 1414 quod

122 1424 228 1466 illud
259 1425 585 1468 ostendentibus
615 1442 655 1468 se
685 1426 810 1468 rebus
842 1426 1082 1482 adhibetur,
1116 1426 1196 1470 1100
1227 1427 1462 1469 latentibus
1490 1429 1533 1469 et
1555 1431 1628 1469 aut
1649 1442 1734 1469 om-

122 1493 226 1535 nino
265 1494 455 1536 nondum
492 1495 674 1550 repertis
707 1498 791 1537 'aut
837 1495 989 1537 dubiis.
1053 1498 1096 1537 et
1140 1496 1342 1538 iudicium
1388 1496 1734 1551 frequentissime
1753 1502 1802 1536 20)

124 1564 288 1604 certum
320 1565 398 1618 est,
433 1563 659 1606 consilium
690 1578 791 1606 uero
822 1564 932 1606 ratio
964 1566 1028 1606 est
1059 1564 1269 1620 quaedam
1301 1565 1385 1606 alte
1416 1565 1553 1620 petita
1585 1567 1627 1607 et
1647 1565 1734 1621 ple-

123 1645 301 1687 rumque
341 1632 466 1687 plura
496 1633 767 1689 perpendens
800 1635 842 1674 et
875 1647 1128 1688 comparans
1168 1633 1416 1688 habensque
1446 1633 1492 1674 in
1524 1648 1567 1676 se
1599 1636 1641 1675 et
1671 1634 1734 1676 in-

82 1700 371 1743 4uentionem
411 1704 453 1743 et
491 1701 811 1744 iudicationem.
875 1702 947 1743 sed
986 1717 1040 1744 ne
1080 1702 1130 1744 de
1170 1702 1250 1744 hoc
1289 1701 1457 1757 quidem
1502 1704 1734 1757 praecepta

124 1768 169 1809 in
200 1769 448 1811 uniuersum
480 1771 747 1826 expectanda
779 1773 892 1812 sunt.
954 1786 1056 1812 nam
1089 1786 1139 1812 ex
1171 1785 1215 1813 re
1246 1770 1442 1824 sumitur,
1477 1771 1594 1812 cuius
1614 1770 1732 1812 locus

123 1839 223 1879 ante
255 1837 469 1880 actionem
500 1841 564 1881 est
596 1840 861 1895 frequenter:
894 1855 994 1881 nam
1027 1839 1175 1882 Cicero
1215 1854 1378 1881 summo
1411 1838 1588 1881 consilio
1618 1839 1732 1880 uide-
1751 1847 1784 1872 25

122 1907 193 1947 tur
230 1905 275 1947 in
307 1906 487 1949 Verrem
524 1908 592 1950 1101
633 1907 885 1950 contrahere
923 1910 1118 1963 tempora
1158 1907 1327 1950 dicendi
1366 1907 1566 1949 maluisse
1606 1922 1732 1962 quam

122 1974 168 2015 in
200 1988 295 2016 eum
328 1989 503 2031 annum,
538 1991 620 2032 quo
651 1979 744 2018 erat
775 1976 824 2026 Q.
858 1976 1115 2019 Hortensius
1149 1976 1295 2019 consui
1315 1976 1497 2031 futurus,
1529 1976 1730 2018 incidere.

81 2045 164 2086 5et
195 2048 234 2085 2'72
265 2043 370 2098 ipsis
410 2044 652 2086 actionibus
684 2045 869 2101 primum
909 2060 959 2087 ac
989 2046 1338 2100 potentissimum
1370 2045 1536 2087 obtinet
1571 2045 1730 2087 locum:

121 2125 224 2154 nam
245 2112 346 2167 quid
367 2112 608 2168 dicendum,
642 2114 743 2169 quid
764 2114 1009 2170 tacendum,
1042 2114 1143 2169 quid
1165 2114 1446 2156 differendum
1467 2114 1536 2169 sit,
1561 2113 1730 2169 exigere

123 2180 291 2222 consilii
324 2183 408 2224 est:
441 2197 601 2237 negare
633 2182 689 2224 sit
721 2182 854 2224 satius
886 2198 941 2224 an
973 2183 1224 2238 defendere,
1263 2183 1335 2225 ubi
1366 2182 1582 2238 prooemio
1611 2184 1729 2224 uten-
1748 2189 1798 2223 30}

211 2357 231 2388 2
258 2366 328 2397 quo
355 2365 539 2398 quaequae
564 2357 604 2397 A,
633 2359 679 2399 q‘q
705 2355 879 2399 (quoque)
908 2367 1076 2398 quaeque
1102 2358 1172 2388 GM
1304 2359 1324 2390 3
1350 2367 1444 2399 quae
1470 2358 1606 2389 addidit
1631 2356 1728 2398 Spal-

121 2403 200 2443 ding]
293 2403 315 2434 4
341 2405 377 2433 01
402 2403 438 2434 S:
466 2405 505 2434 ut
529 2402 636 2433 ΛΕΜ
746 2403 987 2444 praeparanti
1014 2404 1080 2443 GS,
1108 2406 1242 2445 parant
1266 2404 1302 2433 Μ
1418 2403 1437 2434 6
1463 2400 1550 2445 His]
1576 2412 1728 2444 praepo-

119 2448 216 2479 situm
240 2448 274 2479 in
300 2448 356 2478 Ga
381 2448 446 2480 DE
473 2448 664 2481 IVDICIO
691 2448 753 2479 ET
782 2448 1010 2481 CONSILIO
1106 2449 1162 2481 his
1186 2450 1225 2489 A,
1251 2449 1308 2480 his
1338 2448 1383 2481 ad
1408 2459 1472 2490 pro
1490 2447 1530 2479 G·
1626 2447 1728 2479 dubi-

120 2496 253 2525 tassem
278 2492 352 2533 (-et
376 2492 459 2535 ΑΓΒ)
485 2495 514 2525 A
633 2495 674 2526 10
699 2494 867 2536 patribus
893 2495 920 2525 G
1037 2495 1172 2526 mixtus
1198 2496 1344 2526 GMSa:
1371 2495 1515 2526 mis***
1539 2495 1569 2524 A
1686 2493 1724 2524 11

119 2538 272 2581 singulis
297 2539 326 2569 A
444 2541 484 2571 12
510 2550 579 2572 nee
605 2540 667 2571 Sa:
695 2550 740 2572 ne
766 2540 874 2570 AGM
992 2541 1032 2573 17
1059 2540 1253 2572 obscurum
1278 2540 1432 2571 AGMS:
1460 2539 1725 2578 obscurumque

120 2586 202 2616 dell.
230 2584 470 2617 obscurumne
497 2587 551 2618 ed.
580 2585 695 2627 Camp.
829 2595 954 2617 sensus
978 2586 1019 2626 A,
1047 2596 1193 2618 sensum
1220 2586 1282 2628 qui
1308 2596 1380 2618 non
1405 2586 1557 2617 docetur
1581 2584 1726 2615 malebat

120 2630 307 2672 Spaldz'nffi
344 2630 528 2663 referatur
559 2649 602 2653 -
635 2631 811 2663 docentur
842 2631 995 2663 Rollz'mcs
1027 2636 1059 2663 et
1093 2632 1239 2674 supper.
1272 2636 1352 2674 post
1387 2634 1450 2662 aut
1476 2628 1636 2669 odor„(1{.
1666 2630 1725 2669 12)

119 2677 407 2717 transponendum
432 2677 614 2709 censebant
733 2678 774 2710 18
800 2676 997 2709 concilium
1024 2678 1051 2707 G
1168 2679 1209 2709 19
1236 2688 1274 2709 se
1301 2678 1379 2709 add.
1405 2676 1527 2717 Regyins
1621 2674 1724 2705 adhi-

120 2721 221 2753 betur
244 2722 273 2752 A
366 2723 409 2754 20
436 2726 473 2754 et
496 2723 525 2753 A
550 2724 584 2754 in
609 2733 679 2756 ras.
706 2733 751 2754 cm
776 2722 854 2754 set?
949 2724 989 2754 21
1017 2723 1112 2754 ratio
1140 2727 1195 2755 est
1219 2723 1263 2754 A:
1292 2724 1348 2755 est
1372 2721 1466 2753 ratio
1491 2722 1563 2753 rell.
1590 2724 1622 2751 et
1647 2727 1667 2754 ς

119 2768 163 2797 23
189 2767 232 2798 dc
259 2767 327 2799 hoc
352 2768 432 2799 AG:
461 2768 530 2800 hoc
555 2769 618 2799 MS
644 2773 676 2800 et
702 2769 783 2800 dett.
810 2767 902 2800 haec
929 2769 1007 2801 edd.
1033 2770 1171 2810 priores
1298 2769 1341 2799 24
1368 2765 1614 2808 exspectanda
1641 2775 1723 2796 nam

122 2822 169 2843 ca*
193 2813 222 2842 A
316 2814 504 2845 summitur
529 2815 556 2844 G
651 2814 709 2845 cu·i
735 2814 859 2855 Regius
952 2815 995 2846 27
1023 2815 1065 2854 Q.
1092 2815 1121 2844 A
1146 2815 1180 2846 in
1204 2824 1275 2846 νας.
1302 2822 1397 2853 quae
1423 2812 1460 2852 G,
1488 2821 1555 2852 que
1582 2812 1644 2841 MS

120 2858 163 2888 ²28
191 2858 225 2888 in
257 2858 379 2899 Regius
404 2864 435 2890 el
461 2870 497 2891 a:
526 2870 586 2893 om.
611 2860 748 2890 AGMS
859 2860 1088 2901 potissimum
1115 2861 1197 2893 dett.
1226 2876 1229 2878 ·
1314 2859 1356 2890 29
1382 2856 1621 2888 differendum
1647 2857 1720 2888 eod.

123 2902 218 2934 (i'ollz.
245 2909 277 2935 ec
308 2905 405 2936 l'oss.
427 2907 465 2935 2.-
493 2904 731 2937 diffidendum
756 2905 901 2945 AGMS,
927 2905 1156 2937 diffitendum
1183 2904 1306 2946 Reyius
1399 2905 1442 2935 30
1467 2903 1582 2934 satius
1600 2903 1723 2944 li’ngz'ns

121 2953 153 2978 el
179 2950 232 2979 vd.
264 2949 341 2983 Am,
370 2950 460 2980 satis
486 2951 564 2981 libri
656 2961 700 2981 an
728 2952 754 2981 G
779 2962 869 2983 corr.
896 2962 941 2982 eat
968 2962 1010 2982 ac
1112 2949 1323 2991 prohoemio
1348 2949 1433 2987 AM,
1458 2946 1552 2990 sunio
1578 2948 1632 2978 Gs
