<?xml version="1.0" encoding="UTF-8"?>
<!DOCTYPE html PUBLIC "-//W3C//DTD XHTML 1.0 Transitional//EN"
    "http://www.w3.org/TR/xhtml1/DTD/xhtml1-transitional.dtd">
<html xmlns="http://www.w3.org/1999/xhtml" xml:lang="en" lang="en">
 <head>
  <title>
</title>
<meta http-equiv="Content-Type" content="text/html;charset=utf-8" />
  <meta name='ocr-system' content='tesseract 3.04.00' />
  <meta name='ocr-capabilities' content='ocr_page ocr_carea ocr_par ocr_line ocrx_word'/>
</head>
<body>
  <div class='ocr_page' id='page_1' title='image "./institutionisora00quinuoft_0234.png"; bbox 0 0 1939 3180; ppageno 0'>
   <div class='ocr_carea' id='block_1_1' title="bbox 223 58 1292 106">
    <p class='ocr_par' dir='ltr' id='par_1_1' title="bbox 223 58 1292 106">
     <span class='ocr_line' id='line_1_1' title="bbox 223 58 1292 106; baseline -0.001 -7"><span class='ocrx_word' id='word_1_1' title='bbox 223 58 305 100; x_wconf 79' lang='lat'>218</span> <span class='ocrx_word' id='word_1_2' title='bbox 395 84 397 86; x_wconf 90' lang='lat'><em>-</em></span> <span class='ocrx_word' id='word_1_3' title='bbox 743 68 1034 106; x_wconf 76' lang='lat' dir='ltr'><strong>QUINTILIANI</strong></span> <span class='ocrx_word' id='word_1_4' title='bbox 1066 70 1184 99; x_wconf 64' lang='lat' dir='ltr'>INs&#39;n</span> <span class='ocrx_word' id='word_1_5' title='bbox 1219 70 1292 99; x_wconf 64' lang='lat' dir='ltr'>ou.</span> 
     </span>
    </p>
   </div>
   <div class='ocr_carea' id='block_1_2' title="bbox 181 171 1867 1528">
    <p class='ocr_par' dir='ltr' id='par_1_2' title="bbox 181 171 1867 1528">
     <span class='ocr_line' id='line_1_2' title="bbox 223 171 1810 227; baseline 0.001 -15"><span class='ocrx_word' id='word_1_6' title='bbox 223 172 293 226; x_wconf 90' lang='lat' dir='ltr'>qui</span> <span class='ocrx_word' id='word_1_7' title='bbox 325 171 723 226; x_wconf 77' lang='lat' dir='ltr'>pronuntiauerunt,</span> <span class='ocrx_word' id='word_1_8' title='bbox 756 173 797 212; x_wconf 84' lang='lat' dir='ltr'>et</span> <span class='ocrx_word' id='word_1_9' title='bbox 828 171 1106 213; x_wconf 72' lang='lat' dir='ltr'>similitudine</span> <span class='ocrx_word' id='word_1_10' title='bbox 1136 186 1290 225; x_wconf 83' lang='lat' dir='ltr'>rerum,</span> <span class='ocrx_word' id='word_1_11' title='bbox 1324 173 1374 213; x_wconf 88' lang='lat' dir='ltr'>de</span> <span class='ocrx_word' id='word_1_12' title='bbox 1402 172 1554 227; x_wconf 86' lang='lat' dir='ltr'>quibus</span> <span class='ocrx_word' id='word_1_13' title='bbox 1575 173 1810 227; x_wconf 87' lang='lat' dir='ltr'>quaeritur:</span> 
     </span>
     <span class='ocr_line' id='line_1_3' title="bbox 223 239 1812 296; baseline 0.001 -16"><span class='ocrx_word' id='word_1_14' title='bbox 223 239 477 280; x_wconf 85' lang='lat' dir='ltr'>refelluntur</span> <span class='ocrx_word' id='word_1_15' title='bbox 508 242 650 281; x_wconf 85' lang='lat' dir='ltr'>autem</span> <span class='ocrx_word' id='word_1_16' title='bbox 681 254 775 281; x_wconf 88' lang='lat' dir='ltr'>raro</span> <span class='ocrx_word' id='word_1_17' title='bbox 806 255 898 296; x_wconf 14' lang='lat' dir='ltr'>per»</span> <span class='ocrx_word' id='word_1_18' title='bbox 912 240 1210 281; x_wconf 84' lang='lat' dir='ltr'>contumeliam</span> <span class='ocrx_word' id='word_1_19' title='bbox 1241 240 1438 294; x_wconf 78' lang='lat' dir='ltr'>iudicum,</span> <span class='ocrx_word' id='word_1_20' title='bbox 1470 240 1553 282; x_wconf 87' lang='lat' dir='ltr'>nisi</span> <span class='ocrx_word' id='word_1_21' title='bbox 1583 240 1694 282; x_wconf 87' lang='lat' dir='ltr'>forte</span> <span class='ocrx_word' id='word_1_22' title='bbox 1726 256 1812 282; x_wconf 88' lang='lat' dir='ltr'>ma-</span> 
     </span>
     <span class='ocr_line' id='line_1_4' title="bbox 222 307 1812 363; baseline 0.001 -15"><span class='ocrx_word' id='word_1_23' title='bbox 222 307 380 348; x_wconf 87' lang='lat' dir='ltr'>nifesta</span> <span class='ocrx_word' id='word_1_24' title='bbox 410 308 456 348; x_wconf 88' lang='lat' dir='ltr'>in</span> <span class='ocrx_word' id='word_1_25' title='bbox 486 308 538 349; x_wconf 91' lang='lat' dir='ltr'>iis</span> <span class='ocrx_word' id='word_1_26' title='bbox 571 308 694 363; x_wconf 81' lang='lat' dir='ltr'>culpa</span> <span class='ocrx_word' id='word_1_27' title='bbox 725 308 818 349; x_wconf 86' lang='lat' dir='ltr'>erit.</span> <span class='ocrx_word' id='word_1_28' title='bbox 870 307 962 349; x_wconf 91' lang='lat' dir='ltr'>uult</span> <span class='ocrx_word' id='word_1_29' title='bbox 993 309 1105 357; x_wconf 84' lang='lat' dir='ltr'>enim</span> <span class='ocrx_word' id='word_1_30' title='bbox 1131 309 1485 363; x_wconf 49' lang='lat' dir='ltr'>*eognosoentium</span> <span class='ocrx_word' id='word_1_31' title='bbox 1516 308 1712 363; x_wconf 75' lang='lat' dir='ltr'>quisque,</span> <span class='ocrx_word' id='word_1_32' title='bbox 1744 309 1812 349; x_wconf 90' lang='lat' dir='ltr'>fir-</span> 
     </span>
     <span class='ocr_line' id='line_1_5' title="bbox 222 376 1814 431; baseline 0.001 -15"><span class='ocrx_word' id='word_1_33' title='bbox 222 390 335 416; x_wconf 91' lang='lat' dir='ltr'>mam</span> <span class='ocrx_word' id='word_1_34' title='bbox 358 391 447 418; x_wconf 88' lang='lat' dir='ltr'>esse</span> <span class='ocrx_word' id='word_1_35' title='bbox 470 376 641 417; x_wconf 88' lang='lat' dir='ltr'>alterius</span> <span class='ocrx_word' id='word_1_36' title='bbox 663 376 937 431; x_wconf 77' lang='lat' dir='ltr'>sententiam,</span> <span class='ocrx_word' id='word_1_37' title='bbox 961 378 1015 418; x_wconf 62' lang='lat' dir='ltr'>,et</span> <span class='ocrx_word' id='word_1_38' title='bbox 1034 377 1124 431; x_wconf 84' lang='lat' dir='ltr'>ips&#39;e</span> <span class='ocrx_word' id='word_1_39' title='bbox 1138 377 1509 431; x_wconf 77' lang='lat' dir='ltr'>pi·011u11tiaturuS,</span> <span class='ocrx_word' id='word_1_40' title='bbox 1531 391 1610 417; x_wconf 84' lang='lat' dir='ltr'>neo</span> <span class='ocrx_word' id='word_1_41' title='bbox 1630 376 1814 418; x_wconf 86' lang='lat' dir='ltr'>libenter</span> 
     </span>
     <span class='ocr_line' id='line_1_6' title="bbox 183 444 1848 500; baseline -0.001 -13"><span class='ocrx_word' id='word_1_42' title='bbox 183 445 482 499; x_wconf 77' lang='lat' dir='ltr'>3exemplum‚</span> <span class='ocrx_word' id='word_1_43' title='bbox 525 445 634 500; x_wconf 85' lang='lat' dir='ltr'>quod</span> <span class='ocrx_word' id='word_1_44' title='bbox 676 445 721 486; x_wconf 87' lang='lat' dir='ltr'>in</span> <span class='ocrx_word' id='word_1_45' title='bbox 761 459 805 486; x_wconf 84' lang='lat' dir='ltr'>se</span> <span class='ocrx_word' id='word_1_46' title='bbox 835 444 1016 486; x_wconf 87' lang='lat' dir='ltr'>fortasse</span> <span class='ocrx_word' id='word_1_47' title='bbox 1047 445 1256 498; x_wconf 75' lang='lat' dir='ltr'>reccidat,</span> <span class='ocrx_word' id='word_1_48' title='bbox 1299 445 1417 487; x_wconf 80' lang='lat' dir='ltr'>facit.</span> <span class='ocrx_word' id='word_1_49' title='bbox 1482 445 1848 500; x_wconf 62' lang='lat' dir='ltr'>confugiendum-³»</span> 
     </span>
     <span class='ocr_line' id='line_1_7' title="bbox 223 513 1815 568; baseline 0.001 -15"><span class='ocrx_word' id='word_1_50' title='bbox 223 527 324 568; x_wconf 80' lang='lat' dir='ltr'>ergo</span> <span class='ocrx_word' id='word_1_51' title='bbox 356 516 420 554; x_wconf 82' lang='lat' dir='ltr'>est</span> <span class='ocrx_word' id='word_1_52' title='bbox 450 514 496 554; x_wconf 88' lang='lat' dir='ltr'>in</span> <span class='ocrx_word' id='word_1_53' title='bbox 527 514 689 555; x_wconf 87' lang='lat' dir='ltr'>duobus</span> <span class='ocrx_word' id='word_1_54' title='bbox 721 513 1020 568; x_wconf 77' lang='lat' dir='ltr'>superioribus,</span> <span class='ocrx_word' id='word_1_55' title='bbox 1063 513 1098 553; x_wconf 88' lang='lat' dir='ltr'>si</span> <span class='ocrx_word' id='word_1_56' title='bbox 1129 527 1194 554; x_wconf 85' lang='lat' dir='ltr'>res</span> <span class='ocrx_word' id='word_1_57' title='bbox 1224 513 1356 567; x_wconf 79' lang='lat' dir='ltr'>feret,</span> <span class='ocrx_word' id='word_1_58' title='bbox 1398 513 1450 554; x_wconf 87' lang='lat' dir='ltr'>ad</span> <span class='ocrx_word' id='word_1_59' title='bbox 1481 513 1666 568; x_wconf 80' lang='lat' dir='ltr'>aliquam</span> <span class='ocrx_word' id='word_1_60' title='bbox 1696 513 1815 554; x_wconf 87' lang='lat' dir='ltr'>dissi-</span> 
     </span>
     <span class='ocr_line' id='line_1_8' title="bbox 223 576 1812 636; baseline 0.001 -14"><span class='ocrx_word' id='word_1_61' title='bbox 223 581 507 623; x_wconf 73' lang='lat' dir='ltr'>militudinem</span> <span class='ocrx_word' id='word_1_62' title='bbox 540 596 703 635; x_wconf 74' lang='lat' dir='ltr'>causae,</span> <span class='ocrx_word' id='word_1_63' title='bbox 735 582 806 622; x_wconf 86' lang='lat' dir='ltr'>uix</span> <span class='ocrx_word' id='word_1_64' title='bbox 839 583 980 622; x_wconf 87' lang='lat' dir='ltr'>autem</span> <span class='ocrx_word' id='word_1_65' title='bbox 1012 580 1097 622; x_wconf 88' lang='lat' dir='ltr'>ulla</span> <span class='ocrx_word' id='word_1_66' title='bbox 1124 576 1203 623; x_wconf 55' lang='lat' dir='ltr'>&#39;est-</span> <span class='ocrx_word' id='word_1_67' title='bbox 1224 596 1299 636; x_wconf 92' lang='lat' dir='ltr'>per</span> <span class='ocrx_word' id='word_1_68' title='bbox 1329 582 1472 623; x_wconf 88' lang='lat' dir='ltr'>omnia</span> <span class='ocrx_word' id='word_1_69' title='bbox 1504 581 1626 623; x_wconf 89' lang='lat' dir='ltr'>alteri</span> <span class='ocrx_word' id='word_1_70' title='bbox 1649 581 1812 624; x_wconf 87' lang='lat' dir='ltr'>similis.</span> 
     </span>
     <span class='ocr_line' id='line_1_9' title="bbox 223 649 1817 705; baseline 0 -15"><span class='ocrx_word' id='word_1_71' title='bbox 223 650 257 690; x_wconf 89' lang='lat' dir='ltr'>si</span> <span class='ocrx_word' id='word_1_72' title='bbox 287 650 330 690; x_wconf 91' lang='lat' dir='ltr'>id</span> <span class='ocrx_word' id='word_1_73' title='bbox 361 664 445 691; x_wconf 85' lang='lat' dir='ltr'>non</span> <span class='ocrx_word' id='word_1_74' title='bbox 480 650 703 705; x_wconf 81' lang='lat' dir='ltr'>continget</span> <span class='ocrx_word' id='word_1_75' title='bbox 734 652 808 691; x_wconf 85' lang='lat' dir='ltr'>aut</span> <span class='ocrx_word' id='word_1_76' title='bbox 839 649 983 691; x_wconf 88' lang='lat' dir='ltr'>eadem</span> <span class='ocrx_word' id='word_1_77' title='bbox 1024 664 1149 691; x_wconf 79' lang='lat' dir='ltr'>eausa</span> <span class='ocrx_word' id='word_1_78' title='bbox 1188 649 1288 703; x_wconf 84' lang='lat' dir='ltr'>erit,</span> <span class='ocrx_word' id='word_1_79' title='bbox 1329 649 1545 691; x_wconf 72' lang='lat' dir='ltr'>actionum</span> <span class='ocrx_word' id='word_1_80' title='bbox 1582 649 1817 691; x_wconf 84' lang='lat' dir='ltr'>incusanda</span> 
     </span>
     <span class='ocr_line' id='line_1_10' title="bbox 222 718 1815 773; baseline 0 -14"><span class='ocrx_word' id='word_1_81' title='bbox 222 719 498 773; x_wconf 70' lang='lat' dir='ltr'>neglegentia</span> <span class='ocrx_word' id='word_1_82' title='bbox 530 721 604 760; x_wconf 90' lang='lat' dir='ltr'>aut</span> <span class='ocrx_word' id='word_1_83' title='bbox 641 719 691 760; x_wconf 92' lang='lat' dir='ltr'>de</span> <span class='ocrx_word' id='word_1_84' title='bbox 730 719 981 761; x_wconf 85' lang='lat' dir='ltr'>infirmitate</span> <span class='ocrx_word' id='word_1_85' title='bbox 1022 733 1300 773; x_wconf 83' lang='lat' dir='ltr'>personarum</span> <span class='ocrx_word' id='word_1_86' title='bbox 1341 718 1622 773; x_wconf 77' lang='lat' dir='ltr'>querendum,</span> <span class='ocrx_word' id='word_1_87' title='bbox 1668 719 1815 759; x_wconf 82' lang='lat' dir='ltr'>contra</span> 
     </span>
     <span class='ocr_line' id='line_1_11' title="bbox 222 787 1867 842; baseline 0.001 -15"><span class='ocrx_word' id='word_1_88' title='bbox 222 801 326 841; x_wconf 87' lang='lat' dir='ltr'>quas</span> <span class='ocrx_word' id='word_1_89' title='bbox 359 787 439 828; x_wconf 89' lang='lat' dir='ltr'>erit</span> <span class='ocrx_word' id='word_1_90' title='bbox 468 787 713 841; x_wconf 78' lang='lat' dir='ltr'>iudicatum,</span> <span class='ocrx_word' id='word_1_91' title='bbox 754 789 828 829; x_wconf 87' lang='lat' dir='ltr'>aut</span> <span class='ocrx_word' id='word_1_92' title='bbox 857 788 908 828; x_wconf 89' lang='lat' dir='ltr'>de</span> <span class='ocrx_word' id='word_1_93' title='bbox 939 787 1100 842; x_wconf 76' lang='lat' dir='ltr'>gratia,</span> <span class='ocrx_word' id='word_1_94' title='bbox 1119 800 1122 802; x_wconf 70' lang='grc'>’</span> <span class='ocrx_word' id='word_1_95' title='bbox 1144 801 1250 841; x_wconf 85' lang='lat' dir='ltr'>quae</span> <span class='ocrx_word' id='word_1_96' title='bbox 1280 788 1410 827; x_wconf 83' lang='lat' dir='ltr'>testes</span> <span class='ocrx_word' id='word_1_97' title='bbox 1444 787 1697 841; x_wconf 69' lang='lat' dir='ltr'>corruperit,</span> <span class='ocrx_word' id='word_1_98' title='bbox 1743 788 1816 828; x_wconf 86' lang='lat' dir='ltr'>aut</span> <span class='ocrx_word' id='word_1_99' title='bbox 1836 796 1867 820; x_wconf 91' lang='lat'>10</span> 
     </span>
     <span class='ocr_line' id='line_1_12' title="bbox 223 854 1816 911; baseline 0.001 -16"><span class='ocrx_word' id='word_1_100' title='bbox 223 856 271 897; x_wconf 86' lang='lat' dir='ltr'>de</span> <span class='ocrx_word' id='word_1_101' title='bbox 303 855 466 896; x_wconf 87' lang='lat' dir='ltr'>inuidia</span> <span class='ocrx_word' id='word_1_102' title='bbox 497 858 570 897; x_wconf 88' lang='lat' dir='ltr'>aut</span> <span class='ocrx_word' id='word_1_103' title='bbox 600 857 650 897; x_wconf 90' lang='lat' dir='ltr'>de</span> <span class='ocrx_word' id='word_1_104' title='bbox 681 856 951 911; x_wconf 80' lang='lat' dir='ltr'>ignorantia,</span> <span class='ocrx_word' id='word_1_105' title='bbox 994 857 1068 896; x_wconf 91' lang='lat' dir='ltr'>aut</span> <span class='ocrx_word' id='word_1_106' title='bbox 1097 855 1326 896; x_wconf 89' lang='lat' dir='ltr'>uidendum</span> <span class='ocrx_word' id='word_1_107' title='bbox 1359 854 1456 910; x_wconf 86' lang='lat' dir='ltr'>quid</span> <span class='ocrx_word' id='word_1_108' title='bbox 1489 869 1638 896; x_wconf 83' lang='lat' dir='ltr'>causae</span> <span class='ocrx_word' id='word_1_109' title='bbox 1669 857 1816 909; x_wconf 82' lang='lat' dir='ltr'>postea</span> 
     </span>
     <span class='ocr_line' id='line_1_13' title="bbox 181 923 1815 979; baseline -0.001 -13"><span class='ocrx_word' id='word_1_110' title='bbox 181 924 460 966; x_wconf 78' lang='lat' dir='ltr'>4aeeesserit.</span> <span class='ocrx_word' id='word_1_111' title='bbox 511 939 688 979; x_wconf 84' lang='lat' dir='ltr'>quorum</span> <span class='ocrx_word' id='word_1_112' title='bbox 719 925 752 965; x_wconf 89' lang='lat' dir='ltr'>si</span> <span class='ocrx_word' id='word_1_113' title='bbox 785 924 892 965; x_wconf 89' lang='lat' dir='ltr'>nihil</span> <span class='ocrx_word' id='word_1_114' title='bbox 925 924 1017 978; x_wconf 76' lang='lat' dir='ltr'>erit,</span> <span class='ocrx_word' id='word_1_115' title='bbox 1050 924 1151 964; x_wconf 79' lang='lat' dir='ltr'>lieet</span> <span class='ocrx_word' id='word_1_116' title='bbox 1181 925 1325 964; x_wconf 87' lang='lat' dir='ltr'>tamen</span> <span class='ocrx_word' id='word_1_117' title='bbox 1357 923 1504 964; x_wconf 71' lang='lat' dir='ltr'>dicere.</span> <span class='ocrx_word' id='word_1_118' title='bbox 1525 923 1680 965; x_wconf 88' lang='lat' dir='ltr'>multos</span> <span class='ocrx_word' id='word_1_119' title='bbox 1711 923 1815 964; x_wconf 89' lang='lat' dir='ltr'>iudi-</span> 
     </span>
     <span class='ocr_line' id='line_1_14' title="bbox 224 991 1815 1048; baseline -0.001 -14"><span class='ocrx_word' id='word_1_120' title='bbox 224 993 383 1042; x_wconf 78' lang='lat' dir='ltr'>ciorum</span> <span class='ocrx_word' id='word_1_121' title='bbox 417 1007 538 1034; x_wconf 85' lang='lat' dir='ltr'>casus</span> <span class='ocrx_word' id='word_1_122' title='bbox 571 993 623 1034; x_wconf 87' lang='lat' dir='ltr'>ad</span> <span class='ocrx_word' id='word_1_123' title='bbox 654 993 798 1047; x_wconf 82' lang='lat' dir='ltr'>inique</span> <span class='ocrx_word' id='word_1_124' title='bbox 820 992 1186 1048; x_wconf 88' lang='lat' dir='ltr'>pronuntiandum</span> <span class='ocrx_word' id='word_1_125' title='bbox 1208 991 1349 1033; x_wconf 85' lang='lat' dir='ltr'>ualere</span> <span class='ocrx_word' id='word_1_126' title='bbox 1371 991 1546 1047; x_wconf 83' lang='lat' dir='ltr'>ideoque</span> <span class='ocrx_word' id='word_1_127' title='bbox 1568 992 1815 1033; x_wconf 88' lang='lat' dir='ltr'>damnatum</span> 
     </span>
     <span class='ocr_line' id='line_1_15' title="bbox 242 1060 1816 1116; baseline -0.001 -14"><span class='ocrx_word' id='word_1_128' title='bbox 242 1061 453 1116; x_wconf 67' lang='lat' dir='ltr'>tutilium7</span> <span class='ocrx_word' id='word_1_129' title='bbox 504 1061 719 1103; x_wconf 87' lang='lat' dir='ltr'>absolutos</span> <span class='ocrx_word' id='word_1_130' title='bbox 758 1060 950 1103; x_wconf 82' lang='lat' dir='ltr'>Clodium</span> <span class='ocrx_word' id='word_1_131' title='bbox 990 1063 1115 1116; x_wconf 90' lang='lat' dir='ltr'>atque</span> <span class='ocrx_word' id='word_1_132' title='bbox 1155 1060 1397 1103; x_wconf 80' lang='lat' dir='ltr'>Catilinam.</span> <span class='ocrx_word' id='word_1_133' title='bbox 1467 1060 1648 1116; x_wconf 82' lang='lat' dir='ltr'>rogandi</span> <span class='ocrx_word' id='word_1_134' title='bbox 1687 1060 1816 1101; x_wconf 91' lang='lat' dir='ltr'>etiam</span> 
     </span>
     <span class='ocr_line' id='line_1_16' title="bbox 220 1128 1867 1185; baseline -0.001 -15"><span class='ocrx_word' id='word_1_135' title='bbox 220 1130 394 1184; x_wconf 76' lang='lat' dir='ltr'>iudices,</span> <span class='ocrx_word' id='word_1_136' title='bbox 427 1132 474 1171; x_wconf 91' lang='lat' dir='ltr'>ut</span> <span class='ocrx_word' id='word_1_137' title='bbox 504 1145 593 1171; x_wconf 88' lang='lat' dir='ltr'>rem</span> <span class='ocrx_word' id='word_1_138' title='bbox 615 1130 755 1185; x_wconf 88' lang='lat' dir='ltr'>potius</span> <span class='ocrx_word' id='word_1_139' title='bbox 776 1130 1024 1171; x_wconf 87' lang='lat' dir='ltr'>intueantur</span> <span class='ocrx_word' id='word_1_140' title='bbox 1044 1129 1194 1184; x_wconf 79' lang='lat' dir='ltr'>ipsam,</span> <span class='ocrx_word' id='word_1_141' title='bbox 1228 1144 1354 1184; x_wconf 84' lang='lat' dir='ltr'>quam</span> <span class='ocrx_word' id='word_1_142' title='bbox 1375 1129 1456 1170; x_wconf 87' lang='lat' dir='ltr'>iuri</span> <span class='ocrx_word' id='word_1_143' title='bbox 1477 1128 1655 1170; x_wconf 84' lang='lat' dir='ltr'>iurando</span> <span class='ocrx_word' id='word_1_144' title='bbox 1678 1128 1815 1170; x_wconf 86' lang='lat' dir='ltr'>alieno</span> <span class='ocrx_word' id='word_1_145' title='bbox 1836 1137 1867 1162; x_wconf 75' lang='lat'>15</span> 
     </span>
     <span class='ocr_line' id='line_1_17' title="bbox 181 1197 1815 1252; baseline -0.001 -13"><span class='ocrx_word' id='word_1_146' title='bbox 181 1200 343 1239; x_wconf 74' lang='lat' dir='ltr'>5suum</span> <span class='ocrx_word' id='word_1_147' title='bbox 374 1198 546 1240; x_wconf 89' lang='lat' dir='ltr'>donent.</span> <span class='ocrx_word' id='word_1_148' title='bbox 600 1199 800 1240; x_wconf 86' lang='lat' dir='ltr'>aduersus</span> <span class='ocrx_word' id='word_1_149' title='bbox 833 1199 1026 1240; x_wconf 78' lang='lat' dir='ltr'>consulta</span> <span class='ocrx_word' id='word_1_150' title='bbox 1058 1199 1199 1239; x_wconf 90' lang='lat' dir='ltr'>autem</span> <span class='ocrx_word' id='word_1_151' title='bbox 1230 1199 1404 1239; x_wconf 84' lang='lat' dir='ltr'>senatus</span> <span class='ocrx_word' id='word_1_152' title='bbox 1437 1200 1479 1238; x_wconf 94' lang='lat' dir='ltr'>et</span> <span class='ocrx_word' id='word_1_153' title='bbox 1509 1197 1677 1238; x_wconf 82' lang='lat' dir='ltr'>decreta</span> <span class='ocrx_word' id='word_1_154' title='bbox 1698 1197 1815 1252; x_wconf 89' lang='lat' dir='ltr'>prin-</span> 
     </span>
     <span class='ocr_line' id='line_1_18' title="bbox 223 1265 1816 1323; baseline -0.001 -16"><span class='ocrx_word' id='word_1_155' title='bbox 223 1267 364 1321; x_wconf 79' lang='lat' dir='ltr'>cipum</span> <span class='ocrx_word' id='word_1_156' title='bbox 395 1267 463 1308; x_wconf 93' lang='lat' dir='ltr'>uel</span> <span class='ocrx_word' id='word_1_157' title='bbox 493 1267 823 1323; x_wconf 77' lang='lat' dir='ltr'>magistratuum</span> <span class='ocrx_word' id='word_1_158' title='bbox 854 1267 1088 1308; x_wconf 89' lang='lat' dir='ltr'>remedium</span> <span class='ocrx_word' id='word_1_159' title='bbox 1118 1266 1282 1307; x_wconf 89' lang='lat' dir='ltr'>nullum</span> <span class='ocrx_word' id='word_1_160' title='bbox 1314 1268 1389 1321; x_wconf 77' lang='lat' dir='ltr'>est,</span> <span class='ocrx_word' id='word_1_161' title='bbox 1419 1266 1503 1308; x_wconf 83' lang='lat' dir='ltr'>nisi</span> <span class='ocrx_word' id='word_1_162' title='bbox 1535 1267 1608 1306; x_wconf 88' lang='lat' dir='ltr'>aut</span> <span class='ocrx_word' id='word_1_163' title='bbox 1637 1265 1816 1306; x_wconf 86' lang='lat' dir='ltr'>inuenta</span> 
     </span>
     <span class='ocr_line' id='line_1_19' title="bbox 221 1334 1816 1395; baseline -0.001 -20"><span class='ocrx_word' id='word_1_164' title='bbox 221 1335 608 1395; x_wconf 48' lang='lat' dir='ltr'>quantulacumque</span> <span class='ocrx_word' id='word_1_165' title='bbox 649 1350 797 1377; x_wconf 80' lang='lat' dir='ltr'>causae</span> <span class='ocrx_word' id='word_1_166' title='bbox 829 1335 1069 1377; x_wconf 83' lang='lat' dir='ltr'>differentia</span> <span class='ocrx_word' id='word_1_167' title='bbox 1101 1337 1174 1376; x_wconf 87' lang='lat' dir='ltr'>aut</span> <span class='ocrx_word' id='word_1_168' title='bbox 1212 1335 1353 1390; x_wconf 87' lang='lat' dir='ltr'>aliqua</span> <span class='ocrx_word' id='word_1_169' title='bbox 1391 1334 1458 1376; x_wconf 91' lang='lat' dir='ltr'>uel</span> <span class='ocrx_word' id='word_1_170' title='bbox 1489 1334 1717 1375; x_wconf 86' lang='lat' dir='ltr'>eorundem</span> <span class='ocrx_word' id='word_1_171' title='bbox 1747 1334 1816 1374; x_wconf 90' lang='lat' dir='ltr'>uel</span> 
     </span>
     <span class='ocr_line' id='line_1_20' title="bbox 222 1402 1815 1459; baseline -0.001 -15"><span class='ocrx_word' id='word_1_172' title='bbox 222 1404 407 1445; x_wconf 86' lang='lat' dir='ltr'>eiusdem</span> <span class='ocrx_word' id='word_1_173' title='bbox 438 1405 662 1459; x_wconf 88' lang='lat' dir='ltr'>potestatis</span> <span class='ocrx_word' id='word_1_174' title='bbox 692 1404 912 1445; x_wconf 88' lang='lat' dir='ltr'>hominum</span> <span class='ocrx_word' id='word_1_175' title='bbox 942 1403 1150 1458; x_wconf 72' lang='lat' dir='ltr'>posterior</span> <span class='ocrx_word' id='word_1_176' title='bbox 1182 1403 1441 1457; x_wconf 70' lang='lat' dir='ltr'>constitutio,</span> <span class='ocrx_word' id='word_1_177' title='bbox 1475 1417 1580 1458; x_wconf 89' lang='lat' dir='ltr'>quae</span> <span class='ocrx_word' id='word_1_178' title='bbox 1610 1402 1665 1443; x_wconf 87' lang='lat' dir='ltr'>sit</span> <span class='ocrx_word' id='word_1_179' title='bbox 1684 1402 1815 1457; x_wconf 86' lang='lat' dir='ltr'>priori</span> 
     </span>
     <span class='ocr_line' id='line_1_21' title="bbox 223 1472 1867 1528; baseline -0.001 -15"><span class='ocrx_word' id='word_1_180' title='bbox 223 1473 459 1514; x_wconf 79' lang='lat' dir='ltr'>contraria:</span> <span class='ocrx_word' id='word_1_181' title='bbox 493 1487 599 1528; x_wconf 84' lang='lat' dir='ltr'>quae</span> <span class='ocrx_word' id='word_1_182' title='bbox 631 1473 665 1514; x_wconf 87' lang='lat' dir='ltr'>si</span> <span class='ocrx_word' id='word_1_183' title='bbox 698 1472 889 1527; x_wconf 73' lang='lat' dir='ltr'>deerunt,</span> <span class='ocrx_word' id='word_1_184' title='bbox 923 1472 976 1513; x_wconf 86' lang='lat' dir='ltr'>lis</span> <span class='ocrx_word' id='word_1_185' title='bbox 1007 1486 1094 1514; x_wconf 87' lang='lat' dir='ltr'>non</span> <span class='ocrx_word' id='word_1_186' title='bbox 1126 1472 1217 1513; x_wconf 92' lang='lat' dir='ltr'>erit.</span> <span class='ocrx_word' id='word_1_187' title='bbox 1835 1478 1867 1502; x_wconf 83' lang='lat'>20</span> 
     </span>
    </p>
   </div>
   <div class='ocr_carea' id='block_1_3' title="bbox 221 1551 1867 2154">
    <p class='ocr_par' dir='ltr' id='par_1_3' title="bbox 221 1551 1867 2154">
     <span class='ocr_line' id='line_1_22' title="bbox 334 1551 1816 1608; baseline -0.002 -14"><span class='ocrx_word' id='word_1_188' title='bbox 334 1552 413 1594; x_wconf 85' lang='lat' dir='ltr'>HI.</span> <span class='ocrx_word' id='word_1_189' title='bbox 475 1552 682 1594; x_wconf 83' lang='lat' dir='ltr'>Famam</span> <span class='ocrx_word' id='word_1_190' title='bbox 715 1554 868 1608; x_wconf 86' lang='lat' dir='ltr'>atque</span> <span class='ocrx_word' id='word_1_191' title='bbox 899 1566 1131 1594; x_wconf 87' lang='lat' dir='ltr'>rumores</span> <span class='ocrx_word' id='word_1_192' title='bbox 1162 1567 1261 1607; x_wconf 89' lang='lat' dir='ltr'>pars</span> <span class='ocrx_word' id='word_1_193' title='bbox 1284 1552 1418 1593; x_wconf 88' lang='lat' dir='ltr'>altera</span> <span class='ocrx_word' id='word_1_194' title='bbox 1442 1565 1694 1593; x_wconf 85' lang='lat' dir='ltr'>eonsensum</span> <span class='ocrx_word' id='word_1_195' title='bbox 1717 1551 1816 1592; x_wconf 81' lang='lat' dir='ltr'>ciui-</span> 
     </span>
     <span class='ocr_line' id='line_1_23' title="bbox 222 1619 1817 1677; baseline -0.001 -15"><span class='ocrx_word' id='word_1_196' title='bbox 222 1621 323 1662; x_wconf 86' lang='lat' dir='ltr'>tatis</span> <span class='ocrx_word' id='word_1_197' title='bbox 355 1624 397 1662; x_wconf 90' lang='lat' dir='ltr'>et</span> <span class='ocrx_word' id='word_1_198' title='bbox 427 1621 543 1663; x_wconf 89' lang='lat' dir='ltr'>uelut</span> <span class='ocrx_word' id='word_1_199' title='bbox 573 1621 788 1677; x_wconf 84' lang='lat' dir='ltr'>publicum</span> <span class='ocrx_word' id='word_1_200' title='bbox 819 1620 1112 1662; x_wconf 84' lang='lat' dir='ltr'>testimonium</span> <span class='ocrx_word' id='word_1_201' title='bbox 1143 1622 1280 1674; x_wconf 74' lang='lat' dir='ltr'>uocat,</span> <span class='ocrx_word' id='word_1_202' title='bbox 1315 1620 1447 1662; x_wconf 83' lang='lat' dir='ltr'>altera</span> <span class='ocrx_word' id='word_1_203' title='bbox 1468 1634 1705 1661; x_wconf 87' lang='lat' dir='ltr'>sermonem</span> <span class='ocrx_word' id='word_1_204' title='bbox 1726 1619 1817 1661; x_wconf 88' lang='lat' dir='ltr'>sine</span> 
     </span>
     <span class='ocr_line' id='line_1_24' title="bbox 222 1687 1817 1744; baseline -0.001 -14"><span class='ocrx_word' id='word_1_205' title='bbox 222 1689 306 1730; x_wconf 90' lang='lat' dir='ltr'>ullo</span> <span class='ocrx_word' id='word_1_206' title='bbox 340 1692 454 1731; x_wconf 79' lang='lat' dir='ltr'>certo</span> <span class='ocrx_word' id='word_1_207' title='bbox 486 1693 657 1732; x_wconf 81' lang='lat' dir='ltr'>auctore</span> <span class='ocrx_word' id='word_1_208' title='bbox 688 1690 939 1744; x_wconf 72' lang='lat' dir='ltr'>dispersum,</span> <span class='ocrx_word' id='word_1_209' title='bbox 975 1689 1038 1730; x_wconf 81' lang='lat' dir='ltr'>oui</span> <span class='ocrx_word' id='word_1_210' title='bbox 1071 1689 1324 1744; x_wconf 72' lang='lat' dir='ltr'>malignitas</span> <span class='ocrx_word' id='word_1_211' title='bbox 1351 1688 1523 1729; x_wconf 86' lang='lat' dir='ltr'>initium</span> <span class='ocrx_word' id='word_1_212' title='bbox 1546 1688 1720 1742; x_wconf 78' lang='lat' dir='ltr'>dederit,</span> <span class='ocrx_word' id='word_1_213' title='bbox 1754 1687 1817 1729; x_wconf 91' lang='lat' dir='ltr'>in-</span> 
     </span>
     <span class='ocr_line' id='line_1_25' title="bbox 223 1756 1817 1813; baseline -0.001 -14"><span class='ocrx_word' id='word_1_214' title='bbox 223 1761 483 1800; x_wconf 83' lang='lat' dir='ltr'>crementum</span> <span class='ocrx_word' id='word_1_215' title='bbox 509 1758 758 1811; x_wconf 73' lang='lat' dir='ltr'>credulitas,</span> <span class='ocrx_word' id='word_1_216' title='bbox 792 1758 901 1813; x_wconf 89' lang='lat' dir='ltr'>quod</span> <span class='ocrx_word' id='word_1_217' title='bbox 922 1757 1029 1798; x_wconf 88' lang='lat' dir='ltr'>nulli</span> <span class='ocrx_word' id='word_1_218' title='bbox 1051 1772 1138 1798; x_wconf 88' lang='lat' dir='ltr'>non</span> <span class='ocrx_word' id='word_1_219' title='bbox 1161 1757 1289 1798; x_wconf 87' lang='lat' dir='ltr'>etiam</span> <span class='ocrx_word' id='word_1_220' title='bbox 1311 1756 1660 1798; x_wconf 78' lang='lat' dir='ltr'>innocentissimo</span> <span class='ocrx_word' id='word_1_221' title='bbox 1681 1756 1817 1811; x_wconf 85' lang='lat' dir='ltr'>possit</span> 
     </span>
     <span class='ocr_line' id='line_1_26' title="bbox 222 1824 1867 1880; baseline -0.001 -13"><span class='ocrx_word' id='word_1_222' title='bbox 222 1827 412 1868; x_wconf 71' lang='lat' dir='ltr'>accidere</span> <span class='ocrx_word' id='word_1_223' title='bbox 444 1827 592 1868; x_wconf 85' lang='lat' dir='ltr'>fraude</span> <span class='ocrx_word' id='word_1_224' title='bbox 623 1827 892 1868; x_wconf 79' lang='lat' dir='ltr'>inimicorum</span> <span class='ocrx_word' id='word_1_225' title='bbox 922 1825 1032 1866; x_wconf 88' lang='lat' dir='ltr'>falsa</span> <span class='ocrx_word' id='word_1_226' title='bbox 1051 1826 1337 1880; x_wconf 81' lang='lat' dir='ltr'>uulgantium.</span> <span class='ocrx_word' id='word_1_227' title='bbox 1391 1824 1583 1879; x_wconf 74' lang='lat' dir='ltr'>exempla</span> <span class='ocrx_word' id='word_1_228' title='bbox 1604 1826 1816 1879; x_wconf 88' lang='lat' dir='ltr'>utrimque</span> <span class='ocrx_word' id='word_1_229' title='bbox 1835 1832 1867 1856; x_wconf 80' lang='lat'>-&#39;›</span> 
     </span>
     <span class='ocr_line' id='line_1_27' title="bbox 221 1893 1818 1948; baseline -0.001 -13"><span class='ocrx_word' id='word_1_230' title='bbox 221 1911 307 1936; x_wconf 85' lang='lat' dir='ltr'>non</span> <span class='ocrx_word' id='word_1_231' title='bbox 333 1896 530 1936; x_wconf 88' lang='lat' dir='ltr'>deerunt:</span> <span class='ocrx_word' id='word_1_232' title='bbox 562 1894 637 1936; x_wconf 87' lang='lat' dir='ltr'>IV.</span> <span class='ocrx_word' id='word_1_233' title='bbox 672 1896 782 1936; x_wconf 84' lang='lat' dir='ltr'>sicut</span> <span class='ocrx_word' id='word_1_234' title='bbox 803 1895 1084 1935; x_wconf 85' lang='lat' dir='ltr'>tormentis</span> <span class='ocrx_word' id='word_1_235' title='bbox 1107 1908 1283 1948; x_wconf 76' lang='lat' dir='ltr'>quoque,</span> <span class='ocrx_word' id='word_1_236' title='bbox 1307 1894 1377 1948; x_wconf 87' lang='lat' dir='ltr'>qui</span> <span class='ocrx_word' id='word_1_237' title='bbox 1400 1896 1464 1934; x_wconf 88' lang='lat' dir='ltr'>est</span> <span class='ocrx_word' id='word_1_238' title='bbox 1484 1893 1600 1934; x_wconf 82' lang='lat' dir='ltr'>loeus</span> <span class='ocrx_word' id='word_1_239' title='bbox 1622 1893 1818 1948; x_wconf 86' lang='lat' dir='ltr'>frequen-</span> 
     </span>
     <span class='ocr_line' id='line_1_28' title="bbox 221 1961 1816 2018; baseline -0.001 -14"><span class='ocrx_word' id='word_1_240' title='bbox 221 1964 422 2017; x_wconf 74' lang='lat' dir='ltr'>tissimus,</span> <span class='ocrx_word' id='word_1_241' title='bbox 458 1978 552 2004; x_wconf 72' lang='lat' dir='ltr'>eum</span> <span class='ocrx_word' id='word_1_242' title='bbox 581 1978 679 2017; x_wconf 85' lang='lat' dir='ltr'>pars</span> <span class='ocrx_word' id='word_1_243' title='bbox 702 1963 836 2005; x_wconf 86' lang='lat' dir='ltr'>altera</span> <span class='ocrx_word' id='word_1_244' title='bbox 867 1963 1159 2018; x_wconf 83' lang='lat' dir='ltr'>quaestionem</span> <span class='ocrx_word' id='word_1_245' title='bbox 1190 1977 1290 2003; x_wconf 85' lang='lat' dir='ltr'>uera</span> <span class='ocrx_word' id='word_1_246' title='bbox 1321 1961 1487 2002; x_wconf 87' lang='lat' dir='ltr'>fatendi</span> <span class='ocrx_word' id='word_1_247' title='bbox 1517 1962 1816 2003; x_wconf 82' lang='lat' dir='ltr'>necessitatem</span> 
     </span>
     <span class='ocr_line' id='line_1_29' title="bbox 224 2029 1815 2086; baseline -0.002 -13"><span class='ocrx_word' id='word_1_248' title='bbox 224 2034 344 2073; x_wconf 78' lang='lat' dir='ltr'>uocet</span> <span class='ocrx_word' id='word_1_249' title='bbox 355 2066 365 2085; x_wconf 73' lang='lat'><em>⁷</em></span> <span class='ocrx_word' id='word_1_250' title='bbox 408 2032 540 2073; x_wconf 87' lang='lat' dir='ltr'>altera</span> <span class='ocrx_word' id='word_1_251' title='bbox 578 2047 703 2086; x_wconf 87' lang='lat' dir='ltr'>saepe</span> <span class='ocrx_word' id='word_1_252' title='bbox 736 2032 864 2073; x_wconf 85' lang='lat' dir='ltr'>etiam</span> <span class='ocrx_word' id='word_1_253' title='bbox 899 2046 1069 2073; x_wconf 83' lang='lat' dir='ltr'>oausam</span> <span class='ocrx_word' id='word_1_254' title='bbox 1100 2030 1209 2072; x_wconf 82' lang='lat' dir='ltr'>falsa</span> <span class='ocrx_word' id='word_1_255' title='bbox 1240 2030 1429 2084; x_wconf 73' lang='lat' dir='ltr'>dicendi,</span> <span class='ocrx_word' id='word_1_256' title='bbox 1469 2031 1578 2085; x_wconf 85' lang='lat' dir='ltr'>quod</span> <span class='ocrx_word' id='word_1_257' title='bbox 1619 2029 1713 2070; x_wconf 87' lang='lat' dir='ltr'>aliis</span> <span class='ocrx_word' id='word_1_258' title='bbox 1744 2044 1815 2084; x_wconf 86' lang='lat' dir='ltr'>pa-</span> 
     </span>
     <span class='ocr_line' id='line_1_30' title="bbox 223 2098 1812 2154; baseline -0.002 -13"><span class='ocrx_word' id='word_1_259' title='bbox 223 2101 374 2141; x_wconf 86' lang='lat' dir='ltr'>tientia</span> <span class='ocrx_word' id='word_1_260' title='bbox 419 2100 545 2141; x_wconf 80' lang='lat' dir='ltr'>facile</span> <span class='ocrx_word' id='word_1_261' title='bbox 589 2100 858 2141; x_wconf 75' lang='lat' dir='ltr'>mendacium</span> <span class='ocrx_word' id='word_1_262' title='bbox 903 2100 1059 2154; x_wconf 74' lang='lat' dir='ltr'>faeiat,</span> <span class='ocrx_word' id='word_1_263' title='bbox 1109 2099 1202 2140; x_wconf 89' lang='lat' dir='ltr'>aliis</span> <span class='ocrx_word' id='word_1_264' title='bbox 1243 2099 1470 2152; x_wconf 85' lang='lat' dir='ltr'>infirmitas</span> <span class='ocrx_word' id='word_1_265' title='bbox 1512 2098 1812 2139; x_wconf 78' lang='lat' dir='ltr'>necessarium.</span> 
     </span>
    </p>
   </div>
   <div class='ocr_carea' id='block_1_4' title="bbox 223 2282 1817 2955">
    <p class='ocr_par' dir='ltr' id='par_1_4' title="bbox 223 2282 1817 2955">
     <span class='ocr_line' id='line_1_31' title="bbox 315 2282 1733 2327; baseline -0.003 -11"><span class='ocrx_word' id='word_1_266' title='bbox 315 2287 329 2316; x_wconf 87' lang='lat'>1</span> <span class='ocrx_word' id='word_1_267' title='bbox 359 2285 401 2317; x_wconf 71' lang='lat' dir='ltr'>&lt;le</span> <span class='ocrx_word' id='word_1_268' title='bbox 428 2286 456 2316; x_wconf 93' lang='lat' dir='ltr'>A</span> <span class='ocrx_word' id='word_1_269' title='bbox 483 2296 610 2327; x_wconf 69' lang='lat' dir='ltr'>quoqne</span> <span class='ocrx_word' id='word_1_270' title='bbox 636 2286 734 2316; x_wconf 64' lang='lat' dir='ltr'>habet</span> <span class='ocrx_word' id='word_1_271' title='bbox 828 2287 846 2316; x_wconf 70' lang='lat'>‘2</span> <span class='ocrx_word' id='word_1_272' title='bbox 873 2295 954 2316; x_wconf 89' lang='lat' dir='ltr'>raro</span> <span class='ocrx_word' id='word_1_273' title='bbox 982 2285 1021 2324; x_wconf 87' lang='lat' dir='ltr'>A,</span> <span class='ocrx_word' id='word_1_274' title='bbox 1048 2286 1110 2316; x_wconf 77' lang='lat' dir='ltr'>sed</span> <span class='ocrx_word' id='word_1_275' title='bbox 1134 2295 1152 2315; x_wconf 89' lang='lat' dir='ltr'>o</span> <span class='ocrx_word' id='word_1_276' title='bbox 1180 2285 1213 2315; x_wconf 78' lang='lat' dir='ltr'>in</span> <span class='ocrx_word' id='word_1_277' title='bbox 1238 2294 1307 2318; x_wconf 77' lang='lat' dir='ltr'>ras,</span> <span class='ocrx_word' id='word_1_278' title='bbox 1405 2284 1424 2314; x_wconf 87' lang='lat'><strong>3</strong></span> <span class='ocrx_word' id='word_1_279' title='bbox 1450 2282 1496 2313; x_wconf 86' lang='lat' dir='ltr'>iis</span> <span class='ocrx_word' id='word_1_280' title='bbox 1521 2282 1568 2313; x_wconf 90' lang='lat' dir='ltr'>A:</span> <span class='ocrx_word' id='word_1_281' title='bbox 1596 2282 1652 2313; x_wconf 76' lang='lat' dir='ltr'>his</span> <span class='ocrx_word' id='word_1_282' title='bbox 1677 2282 1733 2316; x_wconf 64' lang='lat'>133</span> 
     </span>
     <span class='ocr_line' id='line_1_32' title="bbox 224 2327 1814 2373; baseline -0.002 -12"><span class='ocrx_word' id='word_1_283' title='bbox 224 2331 349 2362; x_wconf 82' lang='lat' dir='ltr'>uolunt</span> <span class='ocrx_word' id='word_1_284' title='bbox 374 2332 403 2362; x_wconf 97' lang='lat' dir='ltr'>A</span> <span class='ocrx_word' id='word_1_285' title='bbox 497 2332 615 2371; x_wconf 78' lang='lat' dir='ltr'>quisq.</span> <span class='ocrx_word' id='word_1_286' title='bbox 641 2332 679 2362; x_wconf 90' lang='lat' dir='ltr'>b:</span> <span class='ocrx_word' id='word_1_287' title='bbox 708 2332 859 2373; x_wconf 61' lang='lat' dir='ltr'>quisquc]</span> <span class='ocrx_word' id='word_1_288' title='bbox 884 2332 946 2361; x_wconf 85' lang='lat' dir='ltr'>AB</span> <span class='ocrx_word' id='word_1_289' title='bbox 1047 2332 1066 2361; x_wconf 82' lang='lat'>5</span> <span class='ocrx_word' id='word_1_290' title='bbox 1093 2330 1186 2371; x_wconf 80' lang='lat' dir='ltr'>quod</span> <span class='ocrx_word' id='word_1_291' title='bbox 1211 2330 1284 2361; x_wconf 89' lang='lat' dir='ltr'>Ab:</span> <span class='ocrx_word' id='word_1_292' title='bbox 1313 2328 1397 2369; x_wconf 87' lang='lat' dir='ltr'>quid</span> <span class='ocrx_word' id='word_1_293' title='bbox 1422 2328 1448 2358; x_wconf 90' lang='lat' dir='ltr'>B</span> <span class='ocrx_word' id='word_1_294' title='bbox 1543 2327 1708 2359; x_wconf 69' lang='lat' dir='ltr'>reccidat</span> <span class='ocrx_word' id='word_1_295' title='bbox 1734 2327 1814 2358; x_wconf 83' lang='lat' dir='ltr'>AB:</span> 
     </span>
     <span class='ocr_line' id='line_1_33' title="bbox 224 2374 1817 2418; baseline -0.003 -11"><span class='ocrx_word' id='word_1_296' title='bbox 224 2377 365 2408; x_wconf 64' lang='lat' dir='ltr'>recidat</span> <span class='ocrx_word' id='word_1_297' title='bbox 390 2384 421 2417; x_wconf 80' lang='grc' dir='ltr'>ς,</span> <span class='ocrx_word' id='word_1_298' title='bbox 448 2378 492 2417; x_wconf 73' lang='lat' dir='ltr'>ef.</span> <span class='ocrx_word' id='word_1_299' title='bbox 520 2378 566 2408; x_wconf 73' lang='lat' dir='ltr'>acl</span> <span class='ocrx_word' id='word_1_300' title='bbox 590 2379 619 2413; x_wconf 67' lang='lat'>4,</span> <span class='ocrx_word' id='word_1_301' title='bbox 642 2379 669 2413; x_wconf 89' lang='lat'>1,</span> <span class='ocrx_word' id='word_1_302' title='bbox 689 2379 732 2407; x_wconf 75' lang='lat'>51</span> <span class='ocrx_word' id='word_1_303' title='bbox 827 2376 1104 2418; x_wconf 77' lang='lat' dir='ltr'>confugiendum</span> <span class='ocrx_word' id='word_1_304' title='bbox 1130 2376 1158 2406; x_wconf 90' lang='lat' dir='ltr'>A</span> <span class='ocrx_word' id='word_1_305' title='bbox 1252 2376 1271 2405; x_wconf 85' lang='grc'><strong>6</strong></span> <span class='ocrx_word' id='word_1_306' title='bbox 1298 2384 1383 2415; x_wconf 81' lang='lat' dir='ltr'>ergo</span> <span class='ocrx_word' id='word_1_307' title='bbox 1408 2374 1482 2406; x_wconf 89' lang='lat' dir='ltr'>Ab:</span> <span class='ocrx_word' id='word_1_308' title='bbox 1509 2384 1568 2405; x_wconf 83' lang='lat' dir='ltr'>om.</span> <span class='ocrx_word' id='word_1_309' title='bbox 1596 2374 1620 2404; x_wconf 92' lang='lat' dir='ltr'>B</span> <span class='ocrx_word' id='word_1_310' title='bbox 1716 2375 1732 2404; x_wconf 75' lang='lat'>7</span> <span class='ocrx_word' id='word_1_311' title='bbox 1761 2384 1817 2403; x_wconf 79' lang='grc' dir='ltr'><em>(ιιι-</em></span> 
     </span>
     <span class='ocr_line' id='line_1_34' title="bbox 223 2419 1817 2461; baseline -0.003 -8"><span class='ocrx_word' id='word_1_312' title='bbox 223 2426 296 2453; x_wconf 76' lang='lat' dir='ltr'>tem</span> <span class='ocrx_word' id='word_1_313' title='bbox 322 2423 351 2453; x_wconf 88' lang='lat' dir='ltr'>A</span> <span class='ocrx_word' id='word_1_314' title='bbox 474 2424 493 2454; x_wconf 81' lang='grc'>8</span> <span class='ocrx_word' id='word_1_315' title='bbox 521 2423 550 2453; x_wconf 83' lang='lat' dir='ltr'>si</span> <span class='ocrx_word' id='word_1_316' title='bbox 575 2423 604 2453; x_wconf 94' lang='lat' dir='ltr'>A</span> <span class='ocrx_word' id='word_1_317' title='bbox 630 2423 661 2453; x_wconf 78' lang='lat' dir='ltr'>in</span> <span class='ocrx_word' id='word_1_318' title='bbox 688 2433 758 2455; x_wconf 69' lang='lat' dir='ltr'>ras.</span> <span class='ocrx_word' id='word_1_319' title='bbox 877 2426 1039 2453; x_wconf 76' lang='lat' dir='ltr'>actorum</span> <span class='ocrx_word' id='word_1_320' title='bbox 1067 2422 1190 2461; x_wconf 62' lang='lat' dir='ltr'>li’effl&#39;zcs</span> <span class='ocrx_word' id='word_1_321' title='bbox 1215 2420 1357 2452; x_wconf 78' lang='lat' dir='ltr'>malebat</span> <span class='ocrx_word' id='word_1_322' title='bbox 1474 2419 1677 2450; x_wconf 66' lang='lat' dir='ltr'>incusanda</span> <span class='ocrx_word' id='word_1_323' title='bbox 1702 2419 1759 2449; x_wconf 90' lang='lat' dir='ltr'>Ab</span> <span class='ocrx_word' id='word_1_324' title='bbox 1785 2423 1817 2449; x_wconf 75' lang='lat' dir='ltr'>et</span> 
     </span>
     <span class='ocr_line' id='line_1_35' title="bbox 230 2464 1814 2505; baseline -0.003 -6"><span class='ocrx_word' id='word_1_325' title='bbox 230 2469 367 2500; x_wconf 73' lang='lat' dir='ltr'>Victor:</span> <span class='ocrx_word' id='word_1_326' title='bbox 395 2469 430 2499; x_wconf 81' lang='lat' dir='ltr'>in</span> <span class='ocrx_word' id='word_1_327' title='bbox 457 2467 619 2499; x_wconf 68' lang='lat' dir='ltr'>secunda</span> <span class='ocrx_word' id='word_1_328' title='bbox 636 2469 661 2498; x_wconf 92' lang='lat' dir='ltr'>B</span> <span class='ocrx_word' id='word_1_329' title='bbox 756 2470 774 2499; x_wconf 84' lang='lat'>9</span> <span class='ocrx_word' id='word_1_330' title='bbox 801 2468 842 2498; x_wconf 82' lang='lat' dir='ltr'>‹le</span> <span class='ocrx_word' id='word_1_331' title='bbox 872 2467 1085 2498; x_wconf 79' lang='lat' dir='ltr'>infirmitate</span> <span class='ocrx_word' id='word_1_332' title='bbox 1110 2467 1184 2497; x_wconf 88' lang='lat' dir='ltr'>Ab:</span> <span class='ocrx_word' id='word_1_333' title='bbox 1211 2466 1295 2497; x_wconf 83' lang='lat' dir='ltr'>inde</span> <span class='ocrx_word' id='word_1_334' title='bbox 1323 2464 1494 2496; x_wconf 80' lang='lat' dir='ltr'>firmitate</span> <span class='ocrx_word' id='word_1_335' title='bbox 1520 2464 1545 2494; x_wconf 87' lang='grc' dir='ltr'><strong>Β</strong></span> <span class='ocrx_word' id='word_1_336' title='bbox 1640 2474 1814 2505; x_wconf 81' lang='lat' dir='ltr'>quaeren-</span> 
     </span>
     <span class='ocr_line' id='line_1_36' title="bbox 223 2509 1815 2554; baseline -0.003 -10"><span class='ocrx_word' id='word_1_337' title='bbox 223 2514 304 2544; x_wconf 79' lang='lat' dir='ltr'>dum</span> <span class='ocrx_word' id='word_1_338' title='bbox 330 2515 359 2544; x_wconf 89' lang='lat' dir='ltr'>A</span> <span class='ocrx_word' id='word_1_339' title='bbox 456 2515 491 2544; x_wconf 95' lang='grc'>11</span> <span class='ocrx_word' id='word_1_340' title='bbox 523 2517 585 2545; x_wconf 83' lang='lat' dir='ltr'>aut</span> <span class='ocrx_word' id='word_1_341' title='bbox 610 2513 803 2544; x_wconf 65' lang='lat' dir='ltr'>uidendum</span> <span class='ocrx_word' id='word_1_342' title='bbox 832 2512 917 2554; x_wconf 84' lang='lat' dir='ltr'>quid</span> <span class='ocrx_word' id='word_1_343' title='bbox 949 2514 1085 2544; x_wconf 43' lang='lat' dir='ltr'>fictor:</span> <span class='ocrx_word' id='word_1_344' title='bbox 1113 2511 1372 2543; x_wconf 73' lang='lat' dir='ltr'>inueniundum</span> <span class='ocrx_word' id='word_1_345' title='bbox 1401 2509 1495 2551; x_wconf 82' lang='lat' dir='ltr'>quod</span> <span class='ocrx_word' id='word_1_346' title='bbox 1520 2510 1582 2540; x_wconf 83' lang='lat' dir='ltr'>AB</span> <span class='ocrx_word' id='word_1_347' title='bbox 1690 2511 1729 2541; x_wconf 81' lang='lat'>13</span> <span class='ocrx_word' id='word_1_348' title='bbox 1757 2520 1815 2540; x_wconf 77' lang='lat' dir='ltr'>ca-</span> 
     </span>
     <span class='ocr_line' id='line_1_37' title="bbox 224 2554 1816 2599; baseline -0.003 -9"><span class='ocrx_word' id='word_1_349' title='bbox 224 2570 283 2591; x_wconf 74' lang='lat' dir='ltr'>sus</span> <span class='ocrx_word' id='word_1_350' title='bbox 309 2560 337 2590; x_wconf 90' lang='lat' dir='ltr'>A</span> <span class='ocrx_word' id='word_1_351' title='bbox 364 2564 393 2591; x_wconf 75' lang='lat' dir='ltr'>el</span> <span class='ocrx_word' id='word_1_352' title='bbox 426 2556 563 2591; x_wconf 67' lang='lat' dir='ltr'>Viator:</span> <span class='ocrx_word' id='word_1_353' title='bbox 591 2569 722 2591; x_wconf 70' lang='lat' dir='ltr'>causas</span> <span class='ocrx_word' id='word_1_354' title='bbox 747 2559 772 2589; x_wconf 91' lang='lat' dir='ltr'>B</span> <span class='ocrx_word' id='word_1_355' title='bbox 800 2561 1041 2599; x_wconf 58' lang='lat' dir='ltr'>(praevalente</span> <span class='ocrx_word' id='word_1_356' title='bbox 1068 2557 1214 2598; x_wconf 78' lang='lat' dir='ltr'>multos)</span> <span class='ocrx_word' id='word_1_357' title='bbox 1314 2556 1477 2596; x_wconf 77' lang='lat' dir='ltr'>iniquum</span> <span class='ocrx_word' id='word_1_358' title='bbox 1502 2559 1531 2586; x_wconf 83' lang='lat' dir='ltr'>A</span> <span class='ocrx_word' id='word_1_359' title='bbox 1637 2554 1676 2585; x_wconf 89' lang='grc'>18</span> <span class='ocrx_word' id='word_1_360' title='bbox 1703 2565 1816 2595; x_wconf 83' lang='lat' dir='ltr'>quan-</span> 
     </span>
     <span class='ocr_line' id='line_1_38' title="bbox 225 2599 1815 2646; baseline -0.003 -11"><span class='ocrx_word' id='word_1_361' title='bbox 225 2605 426 2646; x_wconf 68' lang='lat' dir='ltr'>tuli&#39;lei&#39;ucpie</span> <span class='ocrx_word' id='word_1_362' title='bbox 452 2606 490 2642; x_wconf 71' lang='lat' dir='ltr'>B,</span> <span class='ocrx_word' id='word_1_363' title='bbox 517 2606 593 2636; x_wconf 75' lang='lat' dir='ltr'>item</span> <span class='ocrx_word' id='word_1_364' title='bbox 617 2606 728 2636; x_wconf 49' lang='lat' dir='ltr'>codem·</span> <span class='ocrx_word' id='word_1_365' title='bbox 759 2605 908 2635; x_wconf 69' lang='lat' dir='ltr'>Victoris</span> <span class='ocrx_word' id='word_1_366' title='bbox 1025 2603 1148 2643; x_wconf 79' lang='lat' dir='ltr'>aliqua</span> <span class='ocrx_word' id='word_1_367' title='bbox 1175 2602 1367 2634; x_wconf 84' lang='lat' dir='ltr'>eorundem</span> <span class='ocrx_word' id='word_1_368' title='bbox 1394 2602 1423 2632; x_wconf 90' lang='lat' dir='ltr'>A</span> <span class='ocrx_word' id='word_1_369' title='bbox 1516 2599 1573 2630; x_wconf 82' lang='lat' dir='ltr'>uel</span> <span class='ocrx_word' id='word_1_370' title='bbox 1602 2599 1760 2631; x_wconf 76' lang='lat' dir='ltr'>eiusdem</span> <span class='ocrx_word' id='word_1_371' title='bbox 1787 2600 1815 2630; x_wconf 91' lang='lat' dir='ltr'>A</span> 
     </span>
     <span class='ocr_line' id='line_1_39' title="bbox 225 2644 1815 2691; baseline -0.003 -10"><span class='ocrx_word' id='word_1_372' title='bbox 225 2656 256 2681; x_wconf 78' lang='lat' dir='ltr'>el</span> <span class='ocrx_word' id='word_1_373' title='bbox 287 2652 422 2682; x_wconf 62' lang='lat' dir='ltr'>Vivum-.-</span> <span class='ocrx_word' id='word_1_374' title='bbox 449 2662 509 2681; x_wconf 78' lang='lat' dir='ltr'>om.</span> <span class='ocrx_word' id='word_1_375' title='bbox 537 2651 562 2681; x_wconf 91' lang='lat' dir='ltr'>B</span> <span class='ocrx_word' id='word_1_376' title='bbox 589 2655 620 2682; x_wconf 81' lang='lat' dir='ltr'>el</span> <span class='ocrx_word' id='word_1_377' title='bbox 646 2651 798 2691; x_wconf 71' lang='lat' dir='ltr'>plerique</span> <span class='ocrx_word' id='word_1_378' title='bbox 901 2652 940 2680; x_wconf 74' lang='lat'>1⁴.)</span> <span class='ocrx_word' id='word_1_379' title='bbox 967 2650 1205 2691; x_wconf 78' lang='lat' dir='ltr'>posteriorum</span> <span class='ocrx_word' id='word_1_380' title='bbox 1231 2649 1270 2679; x_wconf 61' lang='lat' dir='ltr'>A:</span> <span class='ocrx_word' id='word_1_381' title='bbox 1375 2648 1417 2678; x_wconf 72' lang='lat'>⁶20</span> <span class='ocrx_word' id='word_1_382' title='bbox 1443 2655 1515 2687; x_wconf 77' lang='lat' dir='ltr'>qua</span> <span class='ocrx_word' id='word_1_383' title='bbox 1541 2646 1571 2675; x_wconf 83' lang='lat' dir='ltr'>si</span> <span class='ocrx_word' id='word_1_384' title='bbox 1597 2644 1638 2676; x_wconf 90' lang='lat' dir='ltr'>A¹</span> <span class='ocrx_word' id='word_1_385' title='bbox 1736 2646 1815 2677; x_wconf 79' lang='lat' dir='ltr'>orit.</span> 
     </span>
     <span class='ocr_line' id='line_1_40' title="bbox 227 2692 1815 2736; baseline -0.003 -11"><span class='ocrx_word' id='word_1_386' title='bbox 227 2697 288 2726; x_wconf 65' lang='lat' dir='ltr'>m«)</span> <span class='ocrx_word' id='word_1_387' title='bbox 316 2696 516 2728; x_wconf 33' lang='lat' dir='ltr'>ltsUMoRr]</span> <span class='ocrx_word' id='word_1_388' title='bbox 535 2697 571 2736; x_wconf 85' lang='lat' dir='ltr'>B⁷</span> <span class='ocrx_word' id='word_1_389' title='bbox 600 2697 677 2729; x_wconf 78' lang='lat' dir='ltr'>orit,</span> <span class='ocrx_word' id='word_1_390' title='bbox 721 2696 774 2726; x_wconf 84' lang='lat' dir='ltr'>De</span> <span class='ocrx_word' id='word_1_391' title='bbox 803 2695 900 2726; x_wconf 82' lang='lat' dir='ltr'>fama</span> <span class='ocrx_word' id='word_1_392' title='bbox 927 2699 1035 2736; x_wconf 76' lang='lat' dir='ltr'>atque</span> <span class='ocrx_word' id='word_1_393' title='bbox 1063 2705 1202 2726; x_wconf 80' lang='lat' dir='ltr'>rumore</span> <span class='ocrx_word' id='word_1_394' title='bbox 1228 2692 1248 2724; x_wconf 71' lang='lat' dir='ltr'>a</span> <span class='ocrx_word' id='word_1_395' title='bbox 1342 2693 1381 2723; x_wconf 75' lang='lat'>21</span> <span class='ocrx_word' id='word_1_396' title='bbox 1411 2692 1524 2722; x_wconf 76' lang='lat' dir='ltr'>Fama</span> <span class='ocrx_word' id='word_1_397' title='bbox 1542 2692 1571 2721; x_wconf 90' lang='lat' dir='ltr'>A</span> <span class='ocrx_word' id='word_1_398' title='bbox 1664 2692 1706 2722; x_wconf 68' lang='lat'>24</span> <span class='ocrx_word' id='word_1_399' title='bbox 1734 2701 1815 2722; x_wconf 77' lang='lat' dir='ltr'>con—</span> 
     </span>
     <span class='ocr_line' id='line_1_41' title="bbox 225 2736 1813 2781; baseline -0.003 -10"><span class='ocrx_word' id='word_1_400' title='bbox 225 2742 469 2772; x_wconf 68' lang='lat' dir='ltr'>tinentissimo</span> <span class='ocrx_word' id='word_1_401' title='bbox 494 2742 522 2772; x_wconf 92' lang='lat' dir='ltr'>A</span> <span class='ocrx_word' id='word_1_402' title='bbox 661 2743 702 2772; x_wconf 70' lang='lat'>25</span> <span class='ocrx_word' id='word_1_403' title='bbox 729 2740 956 2781; x_wconf 68' lang='lat' dir='ltr'>uulgantium</span> <span class='ocrx_word' id='word_1_404' title='bbox 989 2740 1123 2779; x_wconf 68' lang='lat' dir='ltr'>Victor,</span> <span class='ocrx_word' id='word_1_405' title='bbox 1150 2744 1183 2770; x_wconf 77' lang='grc' dir='ltr'>ιιι</span> <span class='ocrx_word' id='word_1_406' title='bbox 1209 2740 1294 2770; x_wconf 72' lang='lat' dir='ltr'>coni.</span> <span class='ocrx_word' id='word_1_407' title='bbox 1322 2738 1463 2779; x_wconf 60' lang='lat' dir='ltr'>Regius:</span> <span class='ocrx_word' id='word_1_408' title='bbox 1497 2736 1700 2775; x_wconf 62' lang='lat' dir='ltr'>uulgarium</span> <span class='ocrx_word' id='word_1_409' title='bbox 1728 2737 1813 2771; x_wconf 65' lang='lat' dir='ltr'>libri,</span> 
     </span>
     <span class='ocr_line' id='line_1_42' title="bbox 224 2781 1815 2825; baseline -0.004 -8"><span class='ocrx_word' id='word_1_410' title='bbox 224 2789 285 2819; x_wconf 66' lang='lat' dir='ltr'>sml</span> <span class='ocrx_word' id='word_1_411' title='bbox 309 2788 337 2818; x_wconf 88' lang='lat' dir='ltr'>A</span> <span class='ocrx_word' id='word_1_412' title='bbox 363 2787 459 2825; x_wconf 59' lang='lat' dir='ltr'>uolg&#39;.</span> <span class='ocrx_word' id='word_1_413' title='bbox 598 2788 639 2817; x_wconf 72' lang='lat'>26</span> <span class='ocrx_word' id='word_1_414' title='bbox 671 2787 834 2818; x_wconf 68' lang='lat' dir='ltr'>«luerunt.</span> <span class='ocrx_word' id='word_1_415' title='bbox 884 2786 948 2817; x_wconf 63' lang='lat' dir='ltr'>Dr)</span> <span class='ocrx_word' id='word_1_416' title='bbox 976 2784 1257 2817; x_wconf 67' lang='lat' dir='ltr'>&#39;PORMENTIS</span> <span class='ocrx_word' id='word_1_417' title='bbox 1289 2784 1343 2814; x_wconf 82' lang='lat' dir='ltr'>Ba</span> <span class='ocrx_word' id='word_1_418' title='bbox 1480 2783 1669 2813; x_wconf 79' lang='lat' dir='ltr'>tormentis</span> <span class='ocrx_word' id='word_1_419' title='bbox 1694 2782 1738 2812; x_wconf 85' lang='lat' dir='ltr'>A:</span> <span class='ocrx_word' id='word_1_420' title='bbox 1779 2781 1815 2811; x_wconf 92' lang='lat' dir='ltr'>in</span> 
     </span>
     <span class='ocr_line' id='line_1_43' title="bbox 228 2828 1813 2872; baseline -0.003 -11"><span class='ocrx_word' id='word_1_421' title='bbox 228 2833 415 2863; x_wconf 70' lang='lat' dir='ltr'>tormentis</span> <span class='ocrx_word' id='word_1_422' title='bbox 434 2833 506 2870; x_wconf 83' lang='grc' dir='ltr'>Βς;</span> <span class='ocrx_word' id='word_1_423' title='bbox 533 2832 574 2863; x_wconf 77' lang='lat' dir='ltr'>ab</span> <span class='ocrx_word' id='word_1_424' title='bbox 599 2833 650 2863; x_wconf 73' lang='lat' dir='ltr'>leis</span> <span class='ocrx_word' id='word_1_425' title='bbox 676 2833 786 2863; x_wconf 69' lang='lat' dir='ltr'>uerbis</span> <span class='ocrx_word' id='word_1_426' title='bbox 813 2843 877 2863; x_wconf 76' lang='lat' dir='ltr'>mm</span> <span class='ocrx_word' id='word_1_427' title='bbox 903 2842 1019 2862; x_wconf 73' lang='lat' dir='ltr'>nouum</span> <span class='ocrx_word' id='word_1_428' title='bbox 1045 2836 1147 2872; x_wconf 68' lang='lat' dir='ltr'>eaput</span> <span class='ocrx_word' id='word_1_429' title='bbox 1171 2830 1328 2861; x_wconf 66' lang='lat' dir='ltr'>emmvlz&#39;ri</span> <span class='ocrx_word' id='word_1_430' title='bbox 1349 2828 1452 2868; x_wconf 70' lang='lat' dir='ltr'>s&#39;aez&#39;le</span> <span class='ocrx_word' id='word_1_431' title='bbox 1478 2832 1528 2858; x_wconf 71' lang='lat' dir='ltr'>esc</span> <span class='ocrx_word' id='word_1_432' title='bbox 1553 2829 1599 2858; x_wconf 76' lang='lat' dir='ltr'>ml</span> <span class='ocrx_word' id='word_1_433' title='bbox 1621 2828 1813 2867; x_wconf 62' lang='lat' dir='ltr'>intelleglen-</span> 
     </span>
     <span class='ocr_line' id='line_1_44' title="bbox 226 2872 1814 2918; baseline -0.003 -11"><span class='ocrx_word' id='word_1_434' title='bbox 226 2880 300 2909; x_wconf 72' lang='lat' dir='ltr'>dnm</span> <span class='ocrx_word' id='word_1_435' title='bbox 404 2879 445 2908; x_wconf 70' lang='lat'>27</span> <span class='ocrx_word' id='word_1_436' title='bbox 473 2878 715 2918; x_wconf 60' lang='lat' dir='ltr'>quaestionezn</span> <span class='ocrx_word' id='word_1_437' title='bbox 741 2879 769 2908; x_wconf 94' lang='lat' dir='ltr'>A</span> <span class='ocrx_word' id='word_1_438' title='bbox 885 2887 1009 2908; x_wconf 80' lang='lat' dir='ltr'>ueram</span> <span class='ocrx_word' id='word_1_439' title='bbox 1034 2877 1103 2916; x_wconf 87' lang='lat' dir='ltr'>Bg,</span> <span class='ocrx_word' id='word_1_440' title='bbox 1127 2877 1190 2907; x_wconf 75' lang='lat' dir='ltr'>secl</span> <span class='ocrx_word' id='word_1_441' title='bbox 1216 2886 1245 2905; x_wconf 88' lang='lat' dir='ltr'>m</span> <span class='ocrx_word' id='word_1_442' title='bbox 1273 2885 1372 2905; x_wconf 74' lang='lat' dir='ltr'>erasa</span> <span class='ocrx_word' id='word_1_443' title='bbox 1490 2874 1532 2905; x_wconf 72' lang='lat'>28</span> <span class='ocrx_word' id='word_1_444' title='bbox 1558 2872 1676 2903; x_wconf 76' lang='lat' dir='ltr'>altera</span> <span class='ocrx_word' id='word_1_445' title='bbox 1703 2882 1814 2912; x_wconf 75' lang='lat' dir='ltr'>quae-</span> 
     </span>
     <span class='ocr_line' id='line_1_45' title="bbox 226 2919 1293 2955; baseline -0.003 -1"><span class='ocrx_word' id='word_1_446' title='bbox 226 2924 379 2954; x_wconf 60' lang='lat' dir='ltr'>stionem</span> <span class='ocrx_word' id='word_1_447' title='bbox 408 2923 462 2953; x_wconf 59' lang='lat' dir='ltr'>uel</span> <span class='ocrx_word' id='word_1_448' title='bbox 493 2923 585 2954; x_wconf 73' lang='lat' dir='ltr'>salsa</span> <span class='ocrx_word' id='word_1_449' title='bbox 610 2924 638 2953; x_wconf 89' lang='lat' dir='ltr'>A</span> <span class='ocrx_word' id='word_1_450' title='bbox 732 2926 773 2954; x_wconf 73' lang='lat'>29</span> <span class='ocrx_word' id='word_1_451' title='bbox 800 2922 891 2955; x_wconf 76' lang='lat' dir='ltr'>faeti</span> <span class='ocrx_word' id='word_1_452' title='bbox 915 2922 999 2954; x_wconf 76' lang='lat' dir='ltr'>aliis</span> <span class='ocrx_word' id='word_1_453' title='bbox 1024 2921 1240 2953; x_wconf 73' lang='lat' dir='ltr'>infirmitatis</span> <span class='ocrx_word' id='word_1_454' title='bbox 1264 2919 1293 2950; x_wconf 86' lang='lat' dir='ltr'>A</span> 
     </span>
    </p>
   </div>
  </div>
 </body>
</html>
