1955 3228
66 819 97 843 10

60 1494 91 1518 20

57 1832 88 1857 25

55 2171 87 2196 30

756 89 784 120 1.
839 88 893 133 11,
926 87 1061 121 4—18.
1648 80 1703 122 65

229 195 367 236 Debet
398 194 526 235 etiam
567 193 714 234 docere
761 192 1002 246 comoedus,
1051 192 1258 247 quomodo
1297 193 1576 246 narrandum,
1621 207 1703 247 qua
1720 193 1770 233 12

118 263 174 304 sit
204 262 458 304 auctoritate
489 261 769 314 suadendum,
811 274 893 314 qua
934 261 1218 302 concitatione
1250 263 1479 315 consurgat
1510 261 1592 314 ira,
1631 260 1703 314 qui

117 330 249 372 flexus
280 330 427 371 deceat
458 329 788 370 miserationem.
840 326 949 382 quod
980 327 1041 368 ita
1072 329 1229 381 optime
1259 328 1403 382 faciet,
1437 328 1471 368 si
1495 330 1629 369 certos
1651 342 1701 368 ex

120 397 345 439 comoediis
368 397 546 452 elegerit
566 397 679 437 locos
711 398 753 437 et
784 395 836 436 ad
865 394 945 435 hoc
976 395 1158 436 maxime
1180 396 1365 449 idoneos,
1406 395 1448 436 id
1480 397 1543 436 est
1574 395 1701 436 actio-

120 466 244 507 nibus
276 465 448 506 similes.
502 465 614 519 idem
645 465 786 505 autem
817 477 905 504 non
938 462 989 502 ad
1020 463 1383 516 pronuntiandum
1415 463 1537 503 modo
1568 462 1769 504 utilis—13

116 533 232 587 simi,
274 547 419 574 uerum
450 533 502 574 ad
534 532 773 588 augendam
804 544 966 586 quoque
1007 529 1290 584 eloquentiam
1329 531 1510 571 maxime
1542 544 1702 570 accom-

116 601 274 642 modati
306 602 442 642 erunt.
502 602 543 641 et
572 599 699 654 haec,
740 599 839 640 dum
876 597 1046 638 infirma
1084 599 1201 638 aetas
1232 597 1394 638 maiora
1424 611 1510 638 non
1543 598 1701 651 capiet:
1720 598 1769 638 14

118 671 303 710 ceterum
335 683 431 710 cum
460 668 602 723 legere
633 667 844 709 orationes
876 665 1101 720 oportebit,
1137 679 1231 706 cuni
1251 665 1432 706 uirtutes
1454 679 1596 705 earum
1617 665 1701 705 iam

117 737 285 789 sentiet,
317 738 407 777 tum
438 735 542 776 mihi
574 734 757 790 diligens
790 733 941 788 aliquis
974 747 1023 774 ac
1054 732 1215 787 peritus
1248 732 1440 785 adsistat,
1473 746 1608 786 neque
1634 746 1700 772 so-

116 804 203 844 lum
233 803 460 844 lectionem
490 802 658 856 formet,
691 816 839 843 uerum
871 800 1053 842 ediscere
1086 801 1215 842 etiam
1247 799 1379 840 electa
1411 814 1462 840 ex
1492 799 1543 839 iis
1577 802 1703 853 cogat

116 873 158 911 et
189 885 236 911 ea
266 871 404 913 dicere
435 872 622 912 stantem
654 870 764 911 clare
796 872 838 910 et
868 867 1219 923 quemadmodum
1251 881 1377 921 agere
1398 866 1622 921 oportebit,
1655 869 1702 907 ut

115 938 308 991 protinus
338 938 746 992 pronuntiationem,
778 951 939 990 uocem,
973 935 1220 977 memoriam
1252 936 1454 975 exerceat.

228 1004 293 1046 Ne
310 1005 404 1047 illos
423 1006 590 1061 quidem
606 1004 975 1059 reprehendendos
993 1005 1112 1057 puto,
1132 1003 1203 1057 qui
1221 1002 1394 1056 paulum
1414 1001 1541 1042 etiam
1561 1001 1699 1056 palae-
1718 1004 1768 1043 15

114 1073 251 1114 stricis
268 1076 543 1114 uacauerunt.
567 1087 654 1114 non
668 1073 718 1113 de
734 1072 799 1113 his
815 1072 974 1126 loquor,
995 1071 1144 1125 quibus
1162 1084 1257 1125 pars
1280 1069 1394 1110 uitae
1416 1069 1461 1110 in
1476 1069 1582 1123 oleo,
1600 1083 1698 1122 pars

81 1156 93 1179 ·‚
113 1141 157 1181 in
175 1141 274 1182 uino
292 1141 567 1194 consumitur,
582 1141 653 1195 qui
671 1154 893 1195 corporum
909 1153 1008 1180 cura
1024 1140 1210 1179 mentem
1228 1137 1459 1178 obruerunt
1475 1136 1568 1191 <hos
1587 1136 1699 1177 enim

115 1209 260 1250 abesse
293 1210 345 1250 ab
378 1224 448 1263 eo,
488 1223 611 1263 quem
635 1208 925 1261 instituimus,
966 1221 1092 1261 quam
1129 1205 1377 1260 longissime
1416 1204 1585 1259 uelim):
1625 1204 1765 1245 sedlss

111 1291 267 1317 nomen
289 1279 352 1318 est-
372 1277 483 1318 idem
503 1277 569 1330 iis,
604 1291 627 1317 a
649 1276 799 1331 quibus
822 1277 967 1330 gestus
988 1276 1209 1328 motusque
1230 1273 1483 1325 formantur,
1516 1274 1563 1312 ut
1585 1274 1698 1312 recta

111 1344 198 1385 sint
229 1344 417 1397 brachia,
450 1359 502 1385 ne
533 1332 750 1397 indoctae,=
776 1343 960 1384 rusticae
992 1356 1165 1395 manus,
1206 1356 1259 1382 ne
1292 1343 1428 1381 status
1459 1339 1695 1391 indecorus,

110 1426 164 1453 ne
203 1427 285 1467 qua
324 1412 369 1454 in
407 1411 884 1467 proferendispedibus
923 1410 1115 1462 inscitia,
1157 1422 1210 1449 ne
1251 1410 1379 1462 caput
1415 1407 1606 1461 oculique
1645 1407 1698 1446 ab

114 1479 196 1520 alia
229 1480 415 1534 corporis
446 1479 725 1522 inclinatione
765 1478 1010 1520 dissideant.
1070 1491 1170 1517 nam
1208 1490 1344 1530 neque
1382 1474 1485 1516 haec
1526 1489 1615 1515 esse
1652 1475 1762 1516 11117

109 1550 231 1602 parte
263 1548 624 1602 pronuntiationis
655 1546 881 1602 negauerit
912 1545 1148 1600 quisquam,
1181 1557 1316 1598 neque
1347 1544 1484 1597 ipsam
1512 1556 1696 1596 pronun-

109 1615 334 1656 tiationem
365 1616 417 1656 ab
449 1617 614 1656 oratore
652 1616 864 1655 secernet:
905 1614 945 1653 et
985 1614 1118 1666 certe,
1159 1611 1269 1665 quod
1307 1611 1447 1651 facere
1487 1611 1693 1664 oporteat,

108 1697 197 1724 non
227 1683 541 1738 indignandum
573 1685 636 1724 est
666 1682 846 1734 discere,
889 1694 979 1721 cum
1021 1679 1271 1734 praesertim
1309 1679 1412 1719 haec
1453 1677 1694 1718 chirono-

107 1750 227 1805 mia,
260 1765 368 1805 quae
399 1753 478 1805 est,
511 1753 559 1792 ut
589 1750 760 1792 nomine
791 1750 883 1803 ipso
906 1747 1158 1800 declaratur,
1191 1746 1260 1787 lex
1282 1747 1441 1800 gestus,
1476 1747 1517 1785 et
1539 1745 1591 1784 ab
1612 1744 1695 1784 illis

107 1818 368 1872 temporibus
399 1818 580 1859 heroicis
619 1820 711 1859 orta
750 1817 805 1858 sit
844 1818 886 1857 et
927 1830 951 1856 a
991 1814 1164 1855 summis
1198 1813 1400 1855 Graeciae
1437 1812 1539 1853 uiris
1571 1813 1695 1865 atque

107 1886 201 1940 ipso
233 1886 361 1927 etiam
393 1886 567 1928 Socrate
599 1885 793 1940 probata,
827 1899 850 1925 a
871 1883 1049 1924 Platone
1081 1895 1244 1937 quoque
1276 1880 1321 1921 in
1351 1882 1474 1934 parte
1507 1879 1695 1920 ciuilium

107 1953 246 2007 posita
276 1954 498 2008 uirtutum,
533 1955 573 1994 et
606 1968 629 1994 a
653 1953 890 2007 Chrysippo
921 1951 966 1991 in
998 1949 1236 2004 praeceptis
1269 1948 1318 1989 de
1348 1948 1576 1988 liberorum
1599 1946 1694 1987 edu-

52 2027 55 2029 ’
108 2022 273 2063 catione
297 2021 538 2076 compositis
560 2035 647 2062 non
669 2020 836 2061 omissa.
878 2033 977 2059 nam
1001 2016 1356 2058 Lacedaemonios
1379 2015 1545 2070 quidem
1567 2014 1693 2055 etiam
1710 2017 1759 2056 18

106 2089 376 2131 saltationem
407 2089 619 2144 quandam
649 2091 867 2143 tamquam
898 2086 950 2127 ad
980 2085 1091 2126 bella
1123 2098 1285 2139 quoque
1315 2083 1464 2124 utilem
1495 2082 1692 2123 habuisse

106 2157 218 2199 inter
249 2157 572 2199 exercitationes
605 2156 857 2210 accepimus.
909 2168 1046 2208 neque
1076 2153 1119 2193 id
1150 2152 1364 2193 ueteribus
1386 2149 1590 2191 Romanis
1624 2149 1690 2188 de-

106 2225 245 2266 decori
281 2225 384 2266 fuit:
434 2226 732 2280 argumentum
770 2225 834 2264 est
871 2221 1137 2263 sacerdotum
1183 2219 1356 2261 nomine
1396 2232 1443 2259 ac
1483 2217 1688 2271 religione

106 2293 260 2334 durans
292 2293 344 2333 ad
374 2293 452 2334 hoc
482 2294 648 2346 tempus
680 2290 852 2332 saltatio
884 2292 926 2331 et
956 2289 1029 2330 illa
1060 2289 1105 2329 in
1136 2288 1262 2329 tertio
1285 2285 1499 2329 Ciceronis
1529 2285 1578 2324 de
1600 2297 1689 2324 ora-

194 2421 213 2450 2
240 2421 283 2450 sz't
308 2420 336 2449 A
430 2418 490 2460 qui
515 2419 658 2449 AMSb:
686 2417 765 2458 quis
790 2417 845 2448 Ba.
936 2418 956 2447 4
983 2414 1166 2447 comoedis
1190 2414 1257 2444 ΒΜ
1351 2412 1499 2443 idoneos
1526 2410 1560 2440 id
1587 2412 1644 2441 est
1661 2410 1689 2439 A

103 2466 136 2496 in
162 2475 231 2496 ras.
325 2466 344 2495 5
370 2464 447 2495 (leni
473 2464 513 2503 A,
541 2463 649 2494 iidem
677 2471 696 2497 ς
791 2462 872 2494 aute
888 2462 917 2492 A
942 2462 973 2499 (Ε
991 2462 1023 2491 ἱη
1042 2459 1127 2500 ras.)
1222 2459 1239 2489 7
1267 2461 1301 2489 ct
1328 2457 1417 2488 haec
1443 2456 1523 2486 dum
1549 2454 1685 2485 infirma

104 2521 165 2541 nm.
193 2508 233 2540 A¹
336 2512 355 2540 9
381 2509 511 2549 pei-ilas
536 2509 673 2539 assistat
697 2508 725 2538 A
842 2508 883 2539 10
909 2506 1105 2537 leeti0ne1n
1130 2505 1159 2535 A
1184 2509 1218 2535 ac
1242 2505 1327 2534 coni.
1357 2502 1503 2533 Gesner:
1528 2499 1686 2530 lectione

104 2555 199 2585 BMs
290 2553 345 2585 his
371 2554 399 2584 A
494 2555 533 2584 12
559 2557 734 2594 protenus
759 2553 784 2582 B
811 2550 890 2592 (non
916 2552 991 2583 ilem
1014 2549 1062 2592 b),
1089 2550 1249 2592 protinus
1273 2549 1301 2578 A
1393 2545 1564 2576 memoria
1589 2543 1631 2574 A¹

105 2601 146 2630 14
171 2599 343 2640 palestris
360 2599 406 2639 M,
433 2597 663 2640 palaestritis
688 2598 773 2628 coni.
792 2597 969 2638 Spalding,
996 2600 1030 2626 at
1056 2607 1085 2626 u.
1112 2597 1141 2631 2,
1164 2597 1191 2630 7,
1215 2595 1230 2623 S'
1256 2591 1498 2634 palaestricus
1516 2589 1579 2620 ille
1599 2589 1687 2627 (ma-

103 2644 230 2684 gister)
258 2649 290 2676 et
308 2646 362 2681 12,
383 2646 413 2681 2,
434 2646 475 2675 12
568 2644 787 2674 aaeauerunt
804 2642 833 2672 A
950 2642 987 2672 17
1014 2640 1070 2671 his
1088 2640 1116 2670 A
1209 2638 1413 2669 formantur
1437 2636 1484 2665 A:
1511 2635 1688 2665 formatur

102 2689 197 2719 BMS
289 2692 329 2720 ut
347 2707 386 2712 —
406 2700 450 2720 ne
468 2689 497 2719 A
523 2691 543 2719 2
561 2699 600 2719 m.
628 2690 660 2719 in
678 2698 747 2719 ras.
860 2687 900 2718 18
925 2685 1100 2717 bracchia
1117 2685 1165 2714 Bn
1258 2681 1427 2712 indoctae
1447 2681 1512 2710 ab:
1541 2678 1686 2711 indocte

103 2734 169 2764 AB
263 2735 470 2766 rusticaeue
495 2735 572 2767 edd,
596 2735 733 2773 priores
825 2731 1011 2762 indecoras
1036 2739 1127 2760 *rane
1146 2730 1174 2759 A
1269 2729 1308 2757 19
1334 2723 1564 2767 profer-undis
1588 2723 1641 2754 Bs

104 2779 247 2810 inscitia
271 2780 300 2810 A
404 2781 446 2811 24
471 2782 511 2810 ut-
536 2778 680 2810 1101111ηο
705 2777 750 2807 A:
778 2776 814 2807 in
840 2777 984 2807 nominc
1009 2776 1078 2809 Bs,
1105 2778 1143 2804 ut
1170 2774 1205 2802 in
1232 2782 1264 2804 11,
1289 2772 1314 2801 L
1406 2769 1572 2800 declarat
1595 2769 1630 2798 Μ
1655 2772 1687 2799 et

103 2826 177 2856 eorl.
211 2825 405 2862 Vossianus,
431 2825 518 2856 unde
547 2823 733 2855 Gronoaias
759 2819 821 2861 (ad
845 2820 922 2853 Seu.
949 2822 990 2851 de
1017 2821 1069 2850 ira
1096 2821 1125 2856 1,
1155 2818 1192 2858 3)
1225 2817 1261 2847 in
1288 2815 1431 2847 nomine
1457 2815 1537 2855 ipso
1564 2813 1684 2844 decla-

104 2873 182 2900 rata
274 2871 316 2901 25
343 2873 450 2911 atque
476 2870 522 2903 A:
551 2871 587 2900 et
614 2869 657 2899 ab
684 2867 779 2897 BMS
871 2867 912 2897 27
940 2868 975 2896 et
1001 2875 1021 2894 a
1047 2864 1092 2895 A:
1122 2873 1141 2892 a
1166 2872 1226 2894 om.
1253 2862 1377 2894 BMsg
1491 2860 1534 2890 ‘28
1560 2858 1685 2890 lache—

103 2913 287 2946 demonios
313 2916 341 2946 A
434 2916 475 2946 30
501 2913 762 2946 exercitatione
787 2911 814 2941 A
908 2912 949 2941 32
976 2910 1010 2939 111
1037 2905 1160 2947 tertio]
1188 2907 1342 2938 intentio
1368 2906 1415 2936 Sb

171 2971 348 3011 QmNTIL.
368 2971 422 3003 ed.
441 2971 565 3002 HALM.
606 2969 687 3004 Vol.
706 2969 734 3002 Ι.
1396 2964 1414 2993 ὑ
