1939 3228
129 510 146 535 ‘a

113 852 144 876 10

114 1192 145 1217 15

112 1534 145 1559 20

763 120 826 149 1x.
891 116 925 162 4,
956 116 1133 148 44——53.
1679 107 1758 148 179

162 235 240 276 pro
282 220 492 275 dactylico
529 221 633 275 poni
670 235 758 262 non
797 221 955 276 poterit
997 222 1255 275 anapaestus
1295 222 1369 261 aut
1407 220 1640 274 spondeus,
1680 234 1760 261 nec

163 305 302 345 paean
333 290 479 331 eadem
509 289 677 331 ratione
707 289 908 330 breuibus
939 289 1117 344 incipiet
1147 303 1196 330 ac
1227 288 1407 330 desinet.
1458 303 1594 343 neque
1625 288 1830 329 solum49

164 359 294 400 alium
324 373 401 412 pro
420 352 516 399 alio
546 357 697 412 pedem
727 359 961 398 metrorum
990 357 1100 398 ratio
1121 370 1209 397 non
1239 355 1406 410 recipit,
1441 356 1512 397 sed
1542 371 1596 398 ne
1619 357 1762 411 dacty-

162 427 251 468 lum
289 426 458 481 quidem
498 428 571 467 aut
607 425 719 466 forte
757 425 992 479 spondeum
1024 425 1204 466 alterum
1234 438 1311 478 pro
1343 424 1492 465 altero.
1553 424 1696 479 itaque
1727 425 1763 465 si

166 495 353 550 quinque
385 494 610 536 continuos
643 493 848 548 dactylos,
879 495 926 534 ut
957 495 1058 534 sunt
1087 493 1133 533 in
1164 491 1236 532 illo

277 562 532 617 panditur
562 562 769 602 interea
801 561 979 602 domus
1011 559 1404 614 omnipotentis
1437 560 1647 615 Olympi

165 630 416 683 confundas,
451 630 626 673 solueris
657 644 842 671 uersum.
885 630 987 669 sunt
1018 630 1060 669 et
1089 628 1163 668 illa
1184 627 1446 682 discrimina,
1479 628 1591 682 quod
1614 628 1831 682 rhyth—in

164 699 243 739 mis
274 698 409 739 libera
440 698 593 753 spatia,
626 697 774 739 metris
805 696 930 737 finita
951 699 1064 750 sunt,
1099 698 1141 736 et
1170 695 1236 736 his
1260 698 1400 737 certae
1423 695 1649 750 clausulae,
1683 697 1760 750 illi,

163 781 245 821 quo
266 767 389 808 modo
413 768 654 820 coeperant,
680 767 857 807 currunt
877 779 1008 819 usque
1031 764 1083 805 ad
1105 765 1358 817 μεταβολήν,
1381 764 1425 804 111
1447 768 1512 805 est
1532 765 1763 806 transitum

165 835 217 875 ad
238 834 354 875 aliud
375 834 565 889 rhythmi
595 834 745 889 genus,
779 835 821 875 et
842 833 953 888 quod
983 834 1166 873 metrum
1196 832 1241 873 in
1272 832 1413 873 uerbis
1444 832 1582 886 modo,
1616 832 1763 887 rhyth-

164 917 253 943 mos
285 902 412 943 etiam
445 902 491 943 in
523 902 711 956 corporis
742 903 859 942 motu
882 903 958 942 est.
1000 901 1149 941 inania
1171 914 1336 954 quoque
1357 902 1551 954 tempora
1572 900 1828 955 rhythmi5l

163 971 332 1012 facilius
365 969 592 1024 accipient,
626 984 882 1024 quamquam
903 969 1010 1013 haec
1041 971 1084 1010 et
1114 969 1159 1009 in
1191 969 1337 1009 metris
1371 969 1583 1010 accidunt.
1627 970 1762 1011 maior

163 1042 310 1080 tamen
340 1038 428 1080 illic
459 1038 634 1079 licentia
667 1040 744 1090 est,
776 1038 849 1078 ubi
879 1040 1073 1091 tempora
1105 1037 1233 1078 etiam
1258 1035 1430 1094 [animo]
1455 1038 1692 1078 metiuntur
1722 1041 1764 1079 et

163 1107 318 1162 pedum
350 1109 392 1148 et
423 1106 654 1161 digitorum
683 1106 789 1159 ictu,
830 1108 871 1146 ct
901 1105 1132 1146 interualla
1160 1105 1339 1160 signant
1366 1105 1619 1160 quibusdam
1648 1107 1762 1147 notis

165 1177 291 1230 atque
323 1175 573 1228 aestimant,
606 1176 709 1228 quot
739 1174 889 1215 breues
920 1173 1024 1214 illud
1055 1173 1241 1228 spatium
1272 1172 1449 1214 habeat:
1487 1173 1587 1215 inde
1617 1175 1762 1226 τετρά-

164 1259 305 1299 (ημοι,
344 1244 621 1297 πεντάεημοι,
668 1242 868 1297 deinceps
908 1242 1123 1297 longiores
1164 1244 1265 1282 sunt
1303 1242 1620 1296 percussiones,
1662 1257 1763 1283 nam

165 1315 337 1365 (ημεῑον
368 1314 537 1366 tempus
569 1313 633 1352 est
664 1325 810 1352 unum.

276 1380 328 1421 In
361 1380 666 1435 compositione
698 1378 904 1420 orationis
937 1379 1092 1419 certior
1123 1381 1165 1418 et
1202 1378 1340 1433 magis
1379 1379 1575 1419 omnibus
1616 1381 1763 1432 apelta
1777 1380 1831 1421 ,12

164 1448 325 1489 seluaii
363 1448 489 1489 debet
526 1447 745 1488 dimensio
807 1449 871 1487 est
910 1447 1044 1501 igitur
1076 1446 1121 1486 in
1159 1446 1338 1500 pedibus
1371 1448 1412 1487 et
1455 1447 1643 1487 metricis
1675 1448 1764 1501 qui-

164 1517 258 1557 dem
289 1516 482 1570 pedibus,
516 1520 586 1566 que·
614 1515 718 1556 adeo
740 1515 1011 1569 reperiuntur
1042 1515 1087 1555 in
1119 1514 1325 1568 oratione,
1359 1517 1406 1555 ut
1427 1515 1471 1555 in
1495 1529 1543 1555 ea
1566 1515 1763 1569 frequen-

163 1587 229 1625 ter
259 1599 347 1625 non
378 1583 663 1625 sentientibus
695 1583 820 1624 nobis
852 1583 1043 1623 omnium
1064 1596 1271 1637 generum
1296 1583 1496 1623 excidant
1526 1597 1687 1637 uersus,
1721 1586 1763 1624 et

165 1654 313 1694 contra
343 1652 451 1692 nihil
482 1666 573 1705 72072,
607 1651 718 1706 quod
740 1654 803 1692 est
824 1665 950 1706 prosa
973 1651 1194 1705 scriptum,
1228 1650 1365 1705 redigi
1396 1652 1531 1705 possit
1561 1653 1604 1692 in
1638 1666 1761 1706 quae-

163 1720 262 1761 dam
292 1720 598 1761 uersiculorum
629 1733 790 1774 genera
822 1718 889 1759 uel
922 1719 966 1759 in
998 1719 1210 1760 membra:
1250 1719 1360 1760 sicut
1390 1719 1435 1759 in
1467 1719 1667 1761 molestos
1699 1720 1758 1761 in-
1775 1723 1829 1764 53

252 1850 283 1880 6.
310 1848 400 1880 Aen.
428 1849 480 1889 10,
508 1849 537 1879 1.

255 1963 270 1992 1
298 1961 472 1994 dactilico
497 1962 613 2001 AGM,
640 1961 787 2002 dactylo
813 1962 862 1996 ὃς
957 1963 1101 2002 poterat
1126 1959 1166 1990 A¹
1278 1970 1345 1993 nec
1369 1972 1485 2000 paene
1512 1960 1662 1993 eandem
1690 1960 1763 2001 (ea-

164 2007 243 2038 dem
270 2006 305 2049 a.)
332 2008 472 2039 ratione
498 2007 579 2047 AG,
613 2017 680 2038 nec
712 2017 826 2048 pcnes
853 2006 1005 2038 eandem
1033 2007 1213 2037 rationem
1239 2007 1302 2036 MS
1337 2007 1419 2043 (nec
1450 2008 1602 2049 paeonis
1635 2007 1761 2039 eadem

162 2055 257 2084 ratio
285 2058 341 2084 cst
368 2053 542 2084 breuibus
567 2053 776 2094 incipientis
801 2063 844 2084 ac
871 2052 1075 2083 desinentis
1093 2053 1178 2083 coni.
1200 2052 1380 2093 Spalding)
1476 2056 1494 2084 2
1522 2064 1541 2083 a
1569 2055 1621 2084 uel
1645 2063 1687 2084 ac
1714 2052 1762 2093 ffiS)

164 2099 335 2130 breuibus
362 2100 442 2132 (lete,
515 2100 534 2130 3
560 2109 622 2140 pro
640 2099 719 2129 Ain
745 2109 813 2129 ras.
835 2099 933 2141 qile.
951 2098 1043 2138 quod
1071 2097 1154 2139 (pr-0
1184 2097 1216 2137 p)
1245 2098 1286 2136 G,
1315 2099 1376 2138 qui
1400 2099 1451 2138 M,
1479 2108 1547 2138 que
1574 2101 1593 2129 S
1672 2096 1763 2139 pcdc

161 2144 297 2174 AGMS
389 2146 409 2176 5
435 2143 592 2176 dactilos
617 2144 723 2174 AGM
816 2148 899 2174 sunt
923 2143 1082 2176 AFGM:
1110 2143 1149 2174 fit
1175 2144 1227 2174 ST
1318 2145 1336 2175 7
1363 2148 1447 2175 sunt
1474 2148 1509 2175 et
1534 2143 1763 2174 illa—finita

163 2200 224 2221 om.
251 2190 292 2227 G;
318 2194 399 2230 post
423 2200 566 2221 uersum
594 2195 644 2221 est
669 2191 796 2229 siquam
821 2191 1043 2229 supplementi
1065 2190 1218 2227 s'acz'emli
1241 2194 1298 2219 auc
1320 2190 1417 2229 facti,
1443 2190 1506 2221 sed
1530 2200 1616 2231 quae
1643 2191 1761 2221 desunt

162 2239 219 2265 aul
246 2246 310 2265 non
334 2236 493 2276 suppleta
518 2240 575 2265 (ml
601 2236 632 2265 ίη
660 2246 763 2275 marg.
792 2235 967 2266 admodum
993 2235 1172 2265 decurtata
1196 2236 1307 2265 recisa
1332 2240 1409 2265 sient
1502 2235 1521 2266 8
1548 2234 1602 2264 illi
1629 2245 1698 2275 quo
1716 2235 1761 2264 A:

164 2280 286 2321 aliquo
313 2281 392 2318 GM,
422 2280 494 2312 alie
522 2290 590 2321 quo
615 2281 634 2309 S
729 2282 748 2311 9
775 2279 985 2311 metabulen
1009 2280 1047 2317 A,
1077 2278 1259 2310 metabulc
1285 2279 1321 2317 G,
1350 2279 1570 2311 metabolem
1590 2281 1619 2320 S,
1647 2291 1708 2312 om.
1727 2281 1762 2309 M

253 2327 448 2356 transitum
474 2325 519 2356 ad
547 2325 645 2356 aliud
662 2325 706 2355 A:
735 2326 913 2356 transitus
939 2323 1074 2355 malind
1093 2325 1119 2354 G
1144 2335 1233 2355 corr.
1261 2326 1293 2355 in
1319 2329 1364 2358 tr,
1391 2324 1427 2355 id
1452 2325 1488 2355 in
1515 2324 1627 2365 aliud,
1654 2330 1688 2356 ut
1714 2331 1763 2355 es!

162 2371 195 2401 in
219 2371 317 2400 MST
413 2372 453 2401 10
479 2380 594 2411 genus
620 2370 777 2411 rhythmi
795 2371 830 2400 M
848 2371 932 2401 dell.
951 2375 983 2401 et
1009 2378 1028 2403 ς
1122 2369 1282 2409 rythmos
1301 2370 1344 2399 G:
1371 2380 1490 2410 rymos
1507 2370 1547 2410 A,
1576 2371 1709 2411 rigmos
1727 2371 1762 2399 Μ

256 2417 294 2446 11
322 2418 456 2447 motum
480 2415 560 2446 A¹G
653 2416 823 2457 rytliinici
847 2414 923 2453 AG,
951 2414 1057 2456 rigini
1081 2415 1114 2451 S,
1138 2415 1296 2456 rigimici
1322 2415 1357 2445 M
1466 2417 1506 2447 13
1532 2414 1624 2457 illic]
1653 2415 1710 2446 hic
1736 2416 1762 2445 G

161 2472 217 2501 pr.
244 2471 284 2492 m.
379 2464 485 2492 est**
508 2461 550 2502 A,
578 2464 634 2492 est
660 2465 695 2492 et
720 2462 786 2500 GS,
815 2465 850 2492 et
875 2462 910 2491 M
1004 2460 1122 2491 animo
1151 2461 1282 2492 Christo
1308 2464 1448 2491 auc-tore
1474 2461 1680 2501 inclusimus,
1707 2463 1764 2502 qui

162 2508 248 2538 idem
274 2507 344 2537 eins
370 2508 442 2538 loeo
468 2507 595 2537 inania
618 2506 830 2537 scribendmn
847 2517 920 2537 esse
938 2507 1081 2538 coniecit
1214 2507 1255 2536 14
1282 2509 1318 2536 et
1334 2507 1415 2539 add.
1434 2504 1601 2547 Spaldiny
1721 2507 1761 2536 15

164 2555 250 2593 quot
275 2552 312 2582 S:
341 2551 436 2592 quod
460 2552 568 2582 AGM
695 2552 805 2583 breue
830 2551 872 2582 A¹
998 2554 1242 2582 tetrasemoae
1270 2556 1303 2582 et
1329 2552 1479 2591 tlmegflno
1506 2554 1559 2582 est
1582 2552 1621 2587 A,
1650 2554 1762 2582 tetra-

163 2607 308 2628 semoac
335 2601 371 2628 et
395 2597 611 2638 thascymoe
637 2597 664 2627 G
799 2598 839 2627 16
866 2600 949 2627 sunt
973 2597 1095 2627 AGM:
1123 2596 1212 2627 fiunt
1237 2597 1256 2626 S
1283 2600 1314 2627 et
1333 2597 1414 2628 dett.
1557 2598 1596 2628 17
1624 2597 1760 2627 semion

162 2643 265 2679 AGS,
293 2653 355 2674 om.
381 2643 416 2672 M
511 2643 552 2674 18
578 2642 839 2684 compositione
866 2643 892 2672 G
999 2644 1038 2673 19
1065 2647 1101 2673 et
1126 2642 1288 2673 metricis
1315 2652 1347 2683 q.
1374 2641 1528 2683 pedibus
1555 2640 1684 2683 (pedes
1710 2643 1759 2682 M)

162 2688 280 2727 AGM,
307 2689 362 2719 cui
383 2689 520 2719 lectioni
544 2696 604 2719 nos
629 2687 691 2728 qui
716 2689 925 2721 calcliclc'mus:
953 2689 989 2718 et
1013 2687 1157 2718 metris:
1187 2686 1335 2727 quidam
1360 2687 1472 2728 pedes
1490 2688 1520 2726 S⁷
1548 2688 1594 2718 Et
1619 2687 1761 2718 metrici

163 2733 307 2775 quidem
331 2733 442 2775 pedes
469 2734 561 2765 adeo
588 2738 651 2764 ete.
679 2734 756 2767 edd.
850 2734 893 2765 ‘20
917 2736 957 2763 ut
981 2733 1018 2764 in
1046 2743 1089 2763 ea
1116 2733 1329 2772 frequenter
1353 2733 1382 2762 A
1407 2733 1440 2763 in
1464 2742 1535 2763 ras.
1632 2734 1673 2763 ‘21
1702 2743 1760 2763 ex-

165 2779 289 2810 cidant
311 2780 338 2810 G
363 2790 454 2811 corr.
474 2790 520 2810 ex
539 2778 735 2810 abscidant
830 2783 865 2809 et
892 2781 992 2809 certe
1019 2777 1110 2808 nihil
1132 2778 1288 2808 Gallaezts
1382 2779 1423 2808 22
1450 2777 1540 2808 nihil
1566 2777 1651 2818 non]
1671 2777 1760 2808 nihil

163 2824 281 2863 AGM⁷
308 2834 378 2855 non
404 2824 493 2855 nihil
512 2834 543 2864 a,
569 2824 661 2855 nihil
686 2834 757 2854 non
784 2833 893 2865 prosa
918 2824 1092 2864 scriptum
1111 2822 1229 2863 Spald.
1257 2820 1373 2863 (Nihil
1401 2826 1456 2854 est
1475 2823 1567 2864 quod
1588 2824 1758 2865 scriptum

164 2870 280 2910 redigi
306 2880 376 2901 non
403 2881 434 2911 p.
462 2871 493 2909 S)
591 2880 719 2911 prorsa
745 2870 771 2899 G
864 2870 907 2900 2³3
932 2868 990 2899 1101
1016 2869 1053 2898 in
1078 2868 1240 2899 membra
1265 2868 1358 2899 obelo
1386 2870 1514 2900 notauit
1541 2869 1674 2909 Regius,
1701 2868 1760 2899 1101

165 2915 324 2945 membra
351 2915 495 2947 Obrecht
610 2916 706 2946 sicut
733 2915 768 2945 in
795 2914 979 2955 Spalding:
1006 2914 1079 2944 sint
1106 2918 1142 2944 al
1168 2911 1229 2953 (ad
1255 2914 1296 2953 G)
1323 2914 1360 2944 in
1385 2914 1461 2954 AG,
1492 2918 1575 2945 sunt
1602 2914 1689 2945 adin
1713 2915 1759 2953 M,

164 2959 227 2991 scd
255 2959 344 2991 adeo
372 2962 407 2993 S:
435 2962 507 3002 ipse
532 2961 638 2992 malim
665 2959 749 3001 quid
777 2959 870 3000 quod
898 2960 934 2989 in

1423 3015 1487 3047 10*

1444 3039 1460 3047 ..ι
