1987 3212
175 108 227 148 76
696 120 988 158 (1111ΝΊἾΙᾸΑΝΙ
1022 122 1140 152 1Ν6Τ.
1176 123 1249 152 on.

170 223 337 275 putem,
378 222 554 263 tradere·
584 222 787 276 incipiam
820 222 952 265 dilata
988 230 1225 279 parumper
1247 224 1341 279 illa,
1382 241 1489 280 quae
1521 228 1610 268 sola
1641 228 1771 283 uulgo
1826 276 1830 280 ,

171 291 369 343 uocatur,
412 291 502 330 arte
534 289 766 332 rhetorica:
806 306 855 332 ac
893 292 998 333 mihi
1029 295 1263 347 oportunus
1294 294 1478 336 maxime
1511 295 1678 337 uidetur
1709 296 1771 337 in-

171 370 341 411 gressus
374 357 428 398 ab
459 371 528 411 eo,
573 357 690 399 cuius
723 359 897 414 aliquid*>
920 361 1056 402 simile
1088 361 1200 416 apud
1231 362 1535 416 grammaticos
1578 365 1683 418 puer
1712 364 1771 405 di-

173 423 337 466 dicerit.
1076 434 1079 437 ’
1318 426 1322 430 ’

132 498 183 547 2-
287 492 344 534 Et
375 494 474 548 quia
512 496 830 550 narrationum,
874 499 1052 553 excepta
1090 512 1173 552 qua
1212 498 1256 539 in
1298 500 1433 541 causis
1472 500 1653 554 utimur,
1694 500 1807 542 tris5

173 561 413 615 accepimus
445 563 619 617 species,
651 564 907 619 fabulam,
941 580 1049 620 quae
1080 568 1275 607 uersatur
1305 566 1350 607 in
1381 567 1615 622 tragoediis
1647 570 1773 623 atque

173 629 431 671 carminibus
470 646 556 672 non
597 647 621 672 a
658 633 840 674 ueritate
878 634 1023 687 modo,
1067 634 1137 675 sed
1171 633 1300 692 etiam
1341 650 1364 676 a
1402 635 1539 677 forma
1578 636 1774 677 ueritatis

172 700 345 752 remota,
378 702 763 755 argumentum,
796 701 906 756 quod
937 702 1106 756 falsum,
1141 703 1213 743 sed
1245 717 1344 744 uero
1376 703 1512 745 simile
1536 704 1774 745 comoediae

171 765 366 821 fingunt,
407 767 712 823 historiam,
752 770 797 811 in
828 785 910 825 qua
942 772 1007 811 est
1037 772 1185 825 gestae
1217 772 1278 812 rei
1310 772 1530 826 expositio,
1562 786 1773 827 gramma—

172 833 268 875 ticis
292 836 432 876 autem
454 837 644 890 poeticas
667 837 877 880 dedimus:
911 838 1023 893 apud
1053 838 1267 880 rhetorem
1288 839 1461 881 initium
1482 840 1538 882 sit
1558 840 1773 895 historica,

132 908 157 948 3
174 903 295 943 tanto
326 904 553 959 robustior,
587 908 746 960 quanto
779 906 931 947 uerior.
984 907 1055 948 sed
1077 907 1282 948 narrandi
1313 908 1482 962 quidem
1514 911 1619 963 quae
1650 909 1774 950 nobis

171 970 334 1024 optima
355 972 464 1013 ratio
486 973 680 1014 uideatur
700 975 791 1015 tum
814 974 1213 1029 demonstrabimus,
1249 990 1343 1017 cum
1365 976 1415 1017 de
1436 976 1625 1018 iudiciali
1654 979 1774 1031 parte

173 1038 382 1081 dicemus:
414 1040 589 1081 interim
622 1042 848 1083 admonere
879 1042 983 1083 illud
1015 1043 1119 1084 satis
1152 1046 1228 1097 est,
1263 1046 1309 1085 ut
1340 1045 1397 1085 sit
1428 1059 1476 1086 ea
1497 1060 1634 1100 neque
1657 1045 1775 1086 arida

172 1097 344 1161 prorsus
377 1110 503 1163 atque
534 1109 678 1151 ieiuna
710 1110 829 1165 <nam
861 1111 961 1165 quid
993 1125 1096 1165 opus
1129 1114 1221 1153 erat
1252 1114 1423 1154 tantum
1445 1102 1596 1154 studiis
1617 1113 1774 1154 laboris

172 1175 421 1231 inpendere,
456 1178 491 1219 si
513 1192 579 1219 res
601 1179 737 1219 nudas
761 1180 888 1233 atque
910 1180 1134 1220 inornatas
1157 1179 1346 1222 indicare
1369 1181 1473 1222 satis
1495 1181 1711 1223 uideretur
1721 1181 1774 1236 Ἦ),
1814 1198 1826 1219 a

172 1257 309 1298 neque
340 1259 484 1287 rursus
516 1247 687 1288 sinuosa
719 1249 761 1288 et
792 1247 1007 1288 arcessitis
1039 1248 1410 1303 descriptionibus,
1442 1249 1487 1290 in
1519 1264 1623 1304 quas
1651 1249 1776 1304 pleri-

1796 858 1826 881 10

134 1318 254 1366 4que
299 1313 541 1355 imitatione
586 1316 779 1370 poeticae
823 1316 1024 1357 licentiae
1063 1316 1295 1370 ducuntur,
1345 1317 1557 1359 lasciuiat.
1623 1318 1776 1359 uitium
1822 1309 1826 1317 ’

174 1383 413 1436 utrumque,
447 1383 567 1436 peius
599 1385 744 1425 tamen
775 1383 894 1438 illud,
928 1384 1039 1439 quod
1062 1399 1111 1425 ex
1133 1385 1278 1440 inopia
1301 1400 1427 1440 quam
1449 1386 1559 1440 quod
1582 1400 1631 1427 ex
1655 1385 1776 1440 copia

175 1450 306 1491 uenit.
350 1465 450 1491 nam
481 1453 526 1492 in
557 1452 700 1506 pueris
723 1452 857 1493 oratio
878 1452 1071 1506 perfecta
1092 1466 1171 1494 1166
1194 1453 1307 1508 exigi
1328 1468 1409 1495 1166
1430 1453 1591 1508 sperari
1613 1455 1775 1508 potest:

174 1518 324 1559 melior
354 1520 495 1561 autem
526 1520 689 1561 indoles
721 1520 835 1562 laeta
866 1521 1146 1575 generosique
1169 1524 1346 1563 conatus
1369 1524 1411 1563 et
1431 1522 1500 1563 uel
1521 1522 1644 1577 plura
1664 1522 1775 1563 iusto
1797 1543 1808 1562 -ι

133 1587 420 1642 56011611116116
458 1588 631 1630 interim
670 1588 858 1643 spiritus.
918 1604 998 1630 nec
1037 1604 1239 1644 umquam
1276 1604 1343 1631 me
1382 1591 1428 1631 in
1466 1590 1533 1631 his
1573 1589 1776 1632 discentis

175 1656 300 1696 annis
331 1656 534 1710 offendat,
569 1657 603 1697 si
636 1657 736 1711 quid
768 1657 1040 1712 superfuerit.
1085 1658 1188 1712 quin
1220 1658 1324 1713 ipsis
1346 1673 1511 1713 quoque
1534 1658 1775 1700 doctoribus

174 1723 253 1765 1106
286 1738 376 1766 6666
409 1739 533 1766 curae
564 1725 714 1779 uelim,
757 1728 804 1767 ut
841 1728 1013 1767 teneras
1044 1726 1183 1767 adhuc
1220 1729 1384 1769 mentes
1415 1741 1530 1768 more
1561 1726 1775 1768 nutricum

174 1792 341 1834 mollius
373 1793 493 1834 alant
524 1795 565 1834 et
596 1794 741 1835 satiari
765 1794 884 1835 uelut
905 1794 1087 1848 quodam
1108 1795 1369 1836 iucundioris
1391 1795 1644 1849 disciplinae
1665 1795 1776 1836 lacte

175 1861 408 1915 patiantur.
469 1863 550 1903 erit
587 1862 692 1903 illud
729 1861 896 1916 plenius
936 1862 1110 1904 interim
1143 1878 1314 1918 corpus,
1356 1864 1465 1918 quod
1503 1878 1599 1904 mox
1631 1863 1777 1905 adulta
1796 1881 1827 1906 :25

136 1932 295 1974 Gaetas
328 1930 581 1985 adstringat.
636 1930 737 1971 hinc
769 1945 863 1985 spes
894 1931 1076 1972 roboris:
1109 1932 1290 1973 maciem
1320 1946 1504 1986 namque
1527 1933 1569 1973 et
1597 1931 1775 1973 infirmi-

174 2000 309 2039 tatem
340 1998 385 2039 in
423 2000 641 2053 posterum
679 1999 835 2040 minari
874 1999 980 2040 solet
1011 1999 1206 2054 protinus
1245 2000 1442 2041 omnibus
1474 2000 1676 2041 membris
1708 2015 1775 2041 ex-

175 2081 344 2122 pressus
375 2066 536 2107 infans.
590 2067 744 2108 audeat
774 2067 879 2108 haec
911 2069 1029 2108 aetas
1061 2067 1184 2122 plura
1217 2070 1258 2109 et
1288 2069 1484 2110 inueniat
1515 2070 1556 2110 et
1587 2069 1775 2110 inuentis

175 2135 374 2190 gaudeat,
409 2135 496 2176 sint
525 2135 627 2176 licet
656 2135 729 2176 illa
760 2149 847 2176 non
879 2135 984 2176 satis
1016 2135 1129 2176 sicca
1160 2136 1333 2177 interim
1364 2151 1413 2178 ac
1445 2151 1606 2178 seuera.
1650 2137 1775 2178 facile

137 2203 408 2246 ‘Iremedium
454 2206 518 2245 est
561 2203 767 2257 ubertati,
817 2203 979 2245 sterilia
1024 2203 1142 2245 nullo
1188 2204 1332 2246 labore
1381 2205 1626 2246 uincuntur.
1701 2204 1775 2246 illa

176 2271 282 2313 mihi
313 2272 359 2313 in
390 2272 532 2327 pueris
565 2273 719 2312 natura
749 2272 974 2313 minimum
1006 2272 1096 2326 spei
1128 2272 1313 2326 dederit,
1354 2273 1399 2313 in
1439 2288 1522 2327 qua
1553 2273 1775 2327 ingenium

176 2340 333 2382 iudicio
363 2340 663 2395 praesumitur.
724 2340 949 2381 materiam
987 2355 1077 2381 esse
1115 2340 1300 2395 primum
1331 2341 1426 2381 uolo
1457 2341 1525 2382 uel
1557 2341 1775 2382 abundan-

176 2410 325 2450 tiorem
369 2410 495 2463 atque
533 2408 646 2449 ultra
684 2423 810 2463 quam
850 2410 1047 2463 oporteat
1084 2408 1238 2450 fusam.
1298 2409 1479 2450 multum
1518 2409 1617 2451 inde
1656 2409 1775 2451 deco-

268 2560 288 2590 6
315 2559 526 2600 accepimus
551 2559 599 2590 A:
628 2559 829 2600 acci1)i1nus
855 2560 891 2597 B,
918 2560 1008 2601 quod
1030 2560 1188 2600 praefert
1208 2560 1374 2601 .S'Jmlrlims
1390 2561 1424 2591 in
1443 2560 1561 2599 l’rael'.
1580 2559 1610 2595 l,
1627 2562 1722 2600 11182

178 2605 368 2645 tragoedis
393 2605 418 2635 B
515 2606 552 2636 11
579 2609 658 2646 post
683 2604 866 2636 robustior
891 2609 942 2635 esc
966 2606 998 2635 in
1023 2605 1052 2635 A
1077 2616 1201 2637 rasura
1307 2606 1344 2636 1⁴2
1370 2607 1443 2636 tum
1469 2605 1543 2635 Ab:
1570 2615 1630 2636 0711.
1657 2604 1683 2634 B

180 2653 220 2683 13
246 2652 340 2682 satis
365 2651 411 2681 A:
439 2654 498 2682 sat
522 2651 578 2684 Βς
689 2651 729 2682 15
757 2653 865 2691 atque
890 2649 1080 2681 inornatas
1105 2661 1166 2682 om.
1192 2650 1234 2681 A¹
1355 2652 1393 2682 17
1420 2650 1564 2681 lasciua
1589 2650 1666 2683 edd.
1692 2654 1771 2681 nell.

177 2698 308 2727 incerta
334 2697 538 2728 azcclorz'tate
630 2695 803 2728 uitiosum
829 2695 971 2726 malebat
998 2695 1120 2737 Meyer
1212 2698 1255 2727 ‘20
1282 2698 1399 2727 auten]
1426 2695 1505 2725 AB:
1534 2697 1653 2726 autem
1681 2699 1717 2726 et
1742 2705 1773 2733 a,

180 2745 301 2773 autem
328 2744 383 2772 cst
409 2743 490 2773 dect.
517 2742 620 2781 pauci
710 2740 769 2773 uel
794 2751 855 2773 om.
874 2741 903 2771 A
929 2743 947 2772 1
966 2752 1004 2771 m.
1100 2743 1139 2772 21
1166 2742 1250 2781 fort.
1279 2740 1522 2782 concipientis
1616 2740 1774 2771 dicentis

179 2787 207 2816 A
323 2788 364 2817 ²22)
380 2786 621 2828 'superauerit
644 2787 712 2826 Ab,
738 2787 801 2819 sed
823 2787 852 2817 A
880 2797 924 2817 au
951 2788 982 2817 ἰη
1008 2797 1077 2819 ras.
1104 2798 1144 2818 m.
1162 2790 1180 2817 2
1281 2787 1383 2827 quiin
1407 2786 1459 2825 Bg
1559 2795 1701 2826 quoque
1727 2786 1772 2815 A:

180 2843 239 2862 0111.
268 2833 339 2863 rell.
368 2837 398 2862 el
425 2842 445 2868 ς
539 2834 581 2864 23
607 2833 781 2864 nutricum
805 2832 834 2862 A
943 2834 985 2863 25
1013 2832 1081 2863 crit
1105 2832 1158 2872 Bg
1182 2843 1273 2863 corr.
1300 2842 1345 2863 eas
1372 2835 1451 2862 crat
1566 2832 1608 2861 26
1636 2831 1773 2862 macies

179 2886 336 2916 namque
358 2877 605 2909 infirmitatem
622 2878 651 2908 A
745 2879 786 2909 27
806 2887 998 2919 expressus
1015 2878 1044 2908 A
1137 2880 1179 2910 30
1198 2877 1356 2909 ubertati
1374 2876 1481 2908 Iulius
1505 2876 1623 2907 Victor
1638 2887 1674 2916 p.
1694 2877 1773 2913 444,

182 2923 247 2953 34:
274 2921 455 2953 ubertatis
481 2924 586 2963 ΑΒς,
613 2924 656 2963 ef.
678 2925 728 2961 ll,
750 2926 779 2963 J,
799 2925 840 2954 72
866 2928 898 2955 et
926 2923 992 2957 Cic.
1021 2924 1123 2956 (ἰίιιίη,
1151 2924 1184 2954 in
1212 2922 1248 2961 Q.
1278 2922 1374 2954 Caee.
1401 2921 1419 2961 ξ
1447 2924 1487 2952 70
1603 2922 1643 2953 31
1671 2919 1771 2963 mihi]

180 2967 271 2999 nihil
296 2969 316 2998 b
409 2972 451 3001 323
477 2969 712 3010 dequoqucnt
736 2971 761 3000 B
1582 2975 1585 2979 ⁴

1794 2223 1826 2248 :30
