1939 3228
807 172 871 201 1x.
923 168 957 214 3,
988 167 1141 201 2—11.
1702 157 1778 199 147

171 290 238 318 es.
299 275 411 331 quod
448 275 590 316 minus
629 273 785 315 mirum
825 276 911 328 est,
951 275 1050 329 quia
1087 274 1134 315 in
1172 274 1330 315 natura
1367 272 1595 314 uerborum
1634 273 1700 313 est
1739 273 1819 314 et‘l

171 359 279 400 quae
309 344 493 386 facimus
514 342 707 399 patiendi
729 342 853 384 modo
875 356 1001 398 saepe
1024 343 1179 397 dicere,
1212 345 1260 384 ut
1292 341 1514 396 ‘arbitron
1548 341 1780 396 suspicor',

172 415 214 454 et
246 415 396 455 contra
425 412 613 455 faciendi
654 426 762 468 quae
791 411 1001 467 patimur,
1034 413 1082 452 ut
1112 411 1339 465 ‘uapulo'z
1370 411 1548 466 ideoque
1579 409 1781 465 frequens

171 482 432 537 permutatio
463 484 529 523 est
559 484 602 523 et
632 480 834 536 pleraque
861 482 1041 535 utroque
1072 480 1196 521 modo
1228 479 1487 521 efferuntur:
1520 479 1783 520 ‘luxuriatur

136 550 372 606 5luxuriat,
406 551 639 593 fluctuatur
668 549 871 603 fluctuat,
905 549 1145 602 adsentior,
1180 548 1413 590 adsentio’.
1475 550 1540 589 est
1569 548 1708 603 figura
1739 547 1822 589 ets

119 909 152 934 10

121 1250 152 1276 15

119 1600 152 1626 20

120 1943 153 1968 25

170 620 215 661 in
261 634 460 675 numero,
485 619 577 661 'uel
627 633 722 661 cum
770 617 981 674 singulari
1027 617 1206 672 pluralis
1253 617 1550 671 subiungitur:
1601 616 1782 671 gladio

170 688 577 745 pugnacissima
608 702 742 744 gens
774 686 1021 741 Romani,
1062 700 1169 741 gens
1202 686 1316 727 enim
1348 700 1398 727 ex
1430 685 1597 739 multis,
1631 685 1701 726 uel
1732 699 1780 725 ex

170 757 361 800 diuerso:

775 825 998 881 quinon
1030 824 1199 866 risere
1231 826 1506 879 parentes,

236 909 334 937 nec
366 895 489 937 deus
520 894 659 936 hune
690 909 869 936 mensa
902 894 996 936 dea
1026 908 1121 935 nec
1153 893 1377 948 dignata
1409 892 1576 934 cubili
1610 894 1709 933 est:

173 978 222 1005 ex
262 964 347 1006 illis
393 964 529 1019 enim,
576 964 672 1019 ‘qui
713 978 802 1005 non
840 963 1012 1018 risere’,
1058 961 1148 1017 hic,
1188 976 1313 1017 quem
1353 976 1440 1003 non
1483 961 1675 1016 dignata.
1738 961 1823 1002 in9

172 1035 319 1074 satura
351 1035 436 1075 est:

445 1104 687 1144 nostrum
718 1101 865 1143 istud
886 1101 1070 1142 uiuere
1102 1100 1263 1141 triste
1296 1100 1508 1154 aspexi,

173 1186 268 1213 cum
289 1171 461 1213 infinito
483 1171 614 1212 uerbo
646 1171 702 1212 sit
723 1185 823 1212 usus
845 1184 922 1225 pro
952 1169 1263 1225 appellatione:
1297 1171 1489 1210 nostram
1512 1168 1625 1209 enim
1648 1168 1782 1209 uitam

171 1239 264 1281 uult
293 1240 503 1296 intellegi.
564 1240 726 1281 utimur
758 1242 800 1280 et
831 1239 961 1280 uerbo
993 1253 1070 1294 pro
1101 1238 1351 1293 participio:

545 1323 790 1364 magnum
822 1308 911 1349 dat
941 1308 1087 1349 ferre
1118 1307 1408 1360 talentum,

171 1380 392 1433 tamquam
425 1377 710 1430 ‘ferendum',
745 1380 786 1418 et
818 1377 1049 1431 participio
1080 1390 1158 1431 pro
1188 1375 1340 1416 uerbo:
1373 1374 1491 1416 uolo
1522 1374 1714 1416 datum.
1802 1375 1853 1414 10

284 1446 465 1488 Interim
504 1446 632 1488 etiam
664 1445 853 1487 dubitari
885 1446 1048 1500 potest,
1094 1444 1161 1486 cui
1193 1444 1301 1485 uitio
1335 1443 1473 1484 simile
1506 1444 1562 1484 sit
1593 1443 1780 1497 schema,

174 1517 222 1557 ut
252 1515 298 1557 in
330 1515 432 1557 hoc:

600 1583 777 1625 uirtus
810 1585 890 1624 est
921 1582 1112 1623 uitium
1144 1582 1354 1637 fugere:

173 1655 247 1694 aut
279 1654 393 1695 enim
425 1652 561 1708 partis
592 1651 800 1694 orationis
832 1652 973 1692 mutat
1014 1665 1063 1691 ex
1104 1650 1177 1691 illo
1216 1650 1392 1691 uirtus
1431 1652 1510 1692 est
1542 1650 1675 1705 fuga
1707 1652 1783 1691 ui-

171 1721 387 1775 tiorum,
421 1723 495 1762 aut
518 1735 639 1763 casus
662 1734 712 1762 ex
734 1720 807 1762 illo
829 1719 1060 1761 uirtutis
1083 1721 1159 1760 est
1182 1719 1374 1760 uitium
1406 1719 1616 1774 fugere,
1649 1719 1783 1760 multo

170 1791 317 1831 tamen
363 1789 443 1831 hoc
490 1792 669 1845 utroque
716 1788 957 1830 excitatius.
1033 1787 1272 1843 iunguntur
1316 1788 1491 1829 interim
1542 1787 1783 1830 schemata:

172 1857 461 1900 Sthenelus
506 1859 684 1900 sciens
730 1872 962 1913 pugnae:
1007 1858 1072 1897 est
1117 1856 1232 1897 enim
1278 1857 1450 1898 scitus
1496 1857 1781 1912 pugnandi.

172 1927 495 1968 transferuutur
520 1929 563 1968 et
589 1930 806 1982 tempora:
840 1924 1209 1967 Timarchides
1238 1927 1404 1981 negat
1432 1939 1544 1966 esse
1567 1925 1610 1966 ei
1642 1926 1783 1980 peri-
1802 1925 1849 1967 11

174 1995 346 2037 culum
374 2010 398 2036 a
424 1995 599 2037 securi
625 1996 849 2050 (praesens
882 1995 995 2036 enim
1028 2008 1105 2049 pro
1139 1994 1371 2049 praeterito
1402 1994 1589 2049 positum
1628 1996 1709 2047 est)
1743 1997 1785 2035 et

172 2066 328 2106 status:
380 2063 476 2106 hoc
507 2063 726 2105 Ithacus
758 2063 912 2105 uelit:
965 2064 1020 2116 et,
1054 2078 1108 2104 ne
1140 2077 1292 2117 morer,
1327 2077 1402 2117 per
1433 2063 1576 2104 omnia
1607 2077 1784 2117 genera,

173 2147 250 2187 per
281 2147 388 2189 quae
419 2132 468 2174 fit
500 2132 787 2174 soloecismus.
1790 2123 1807 2131 ⁸

262 2229 294 2259 9.
321 2227 431 2268 Verg.
459 2226 539 2260 Ecl.
564 2228 595 2264 4,
623 2227 677 2260 62.
782 2227 832 2258 13.
858 2225 962 2257 Pers.
991 2224 1067 2257 Sat.
1098 2227 1127 2264 1,
1154 2227 1185 2258 9.
1296 2226 1350 2257 16.
1377 2225 1467 2257 Aen.
1495 2228 1525 2264 5,
1555 2226 1631 2259 248.
1728 2227 1780 2257 20.

172 2272 261 2305 Hor.
289 2273 396 2315 epist.
418 2275 449 2314 1,
472 2275 500 2310 1,
518 2273 574 2304 41.
670 2273 725 2303 24.
753 2271 842 2303 Hor.
862 2281 973 2305 carm.
995 2272 1025 2311 1,
1047 2272 1100 2311 15,
1119 2272 1172 2303 24.
1266 2272 1321 2303 25.
1350 2271 1427 2303 Cic.
1447 2271 1547 2304 Vcrr.
1566 2271 1609 2311 V,
1627 2272 1684 2311 44,
1707 2272 1782 2304 116.

262 2320 317 2350 27.
343 2318 434 2350 Aen.
461 2319 493 2358 2,
521 2319 597 2350 104.

264 2400 280 2429 1
310 2408 348 2430 es
366 2398 554 2429 Plzilansler
579 2408 625 2429 ea:
645 2396 829 2429 Cicerone:
855 2400 912 2429 est
938 2397 1015 2428 libri
1108 2397 1226 2428 minus
1254 2397 1366 2428 mirus
1384 2395 1441 2436 A',
1468 2396 1581 2427 mirus
1607 2397 1727 2428 minus
1743 2396 1781 2437 G,

174 2446 237 2476 secl
261 2445 379 2476 addito
405 2444 522 2476 eadem
546 2454 586 2474 nz.
612 2444 892 2484 transpositionis
915 2444 1021 2484 siquo,
1049 2443 1176 2474 mirum
1202 2443 1321 2474 minus
1347 2443 1424 2482 Μς,
1451 2442 1579 2473 mirum
1605 2452 1677 2473 non
1703 2444 1722 2473 S

173 2491 260 2531 quia
285 2499 321 2520 a:
350 2490 411 2531 qui
436 2488 511 2530 AG,
541 2488 637 2530 quod
663 2489 746 2522 dett.
772 2494 804 2521 el
829 2497 850 2523 ς
959 2490 978 2520 2
1004 2499 1116 2530 saepe
1144 2489 1267 2520 dicere
1293 2487 1383 2519 AM:
1409 2488 1581 2529 pedicere
1609 2488 1646 2527 G,
1675 2498 1779 2529 prae>

172 2535 296 2567 dicere
323 2537 378 2566 ST
517 2535 539 2565 4
564 2534 738 2576 pleraque
765 2537 803 2565 S:
829 2534 1008 2576 pleri-ique
1034 2534 1142 2566 AGM
1281 2533 1488 2566 luxuriatus
1515 2551 1556 2555 —
1584 2534 1783 2565 fluctuatus

172 2582 269 2611 GMS
363 2582 383 2613 5
411 2580 577 2612 assentio
603 2590 635 2619 a,
662 2590 723 2612 om.
751 2580 781 2611 A
873 2582 893 2612 9
919 2580 981 2622 qui
1006 2581 1198 2612 Politianus
1225 2578 1387 2620 (Miscell.
1413 2585 1498 2613 cent.
1527 2579 1548 2610 I
1572 2590 1600 2611 c.
1620 2580 1697 2620 89).·
1725 2579 1784 2611 cui

172 2626 268 2667 libri,
294 2631 329 2658 ut
354 2626 453 2658 habet
485 2626 675 2667 Vergilius:
707 2631 742 2657 at
767 2630 915 2667 apparet
941 2630 1058 2658 nostro
1083 2628 1238 2658 uitiosum
1264 2627 1443 2667 eoeemplar‘
1467 2626 1514 2657 acl
1537 2636 1653 2656 manns
1675 2625 1783 2666 fuisse

172 2677 229 2704 aut
253 2673 413 2704 memoria
438 2682 508 2703 eum
534 2673 663 2713 lapsum
689 2682 782 2708 esse,-
807 2672 851 2711 ‘'f-
872 2670 995 2705 Osann.
1016 2674 1046 2709 0,
1066 2673 1108 2702 17
1249 2673 1288 2703 12
1316 2675 1373 2703 est
1399 2670 1586 2712 Spczldz'nts:
1613 2674 1649 2702 et
1675 2671 1781 2704 AGS.

173 2721 230 2750 est
255 2721 292 2750 et
316 2719 352 2748 M
469 2719 510 2750 13
538 2717 635 2749 istud
661 2719 782 2749 uiuere
808 2717 910 2749 triste
934 2717 964 2748 A
1085 2719 1126 2749 14
1152 2719 1314 2749 nostram
1341 2717 1435 2748 enim
1462 2717 1492 2748 A
1516 2718 1549 2748 in
1574 2726 1644 2747 ras.
1742 2718 1783 2747 15

172 2773 236 2804 pro
263 2763 464 2805 participio
489 2764 518 2794 A
543 2765 578 2795 in
602 2774 672 2795 ras.
801 2763 842 2794 18
869 2762 1041 2794 similosit
1066 2773 1191 2795 scema
1218 2762 1383 2803 (schema
1408 2760 1442 2803 a)
1469 2762 1533 2792 AG
1561 2761 1635 2802 (cui
1661 2761 1782 2792 simile

172 2809 263 2840 uitio
290 2809 337 2841 sit
363 2809 513 2842 schema
538 2808 572 2851 S)
670 2810 711 2841 19
737 2811 776 2839 ut
801 2809 830 2839 A
855 2819 945 2840 corr.
973 2819 1019 2840 ex
1045 2812 1110 2840 aut
1203 2810 1243 2839 21
1271 2811 1398 2850 partes
1423 2808 1523 2839 GMa
1617 2808 1659 2838 22
1686 2806 1782 2839 exllo

171 2853 201 2884 A
224 2855 348 2895 partim
372 2856 407 2886 in
431 2865 502 2886 ras.
597 2855 715 2886 uirtus
743 2857 798 2886 est
822 2854 910 2893 libri,
935 2864 1026 2886 corr.
1055 2857 1089 2886 in
1115 2854 1244 2885 Aldina
1348 2853 1461 2885 multo
1490 2853 1640 2884 Gesner:
1666 2852 1783 2884 multa

171 2899 251 2931 libri
342 2901 385 2932 23
411 2903 577 2932 scemata
601 2898 740 2932 A¹G¹M
765 2905 798 2932 et
821 2900 871 2931 sie
895 2901 1033 2940 saepius
1128 2901 1170 2930 ‘24
1197 2899 1382 2931 schelelus
1408 2899 1484 2939 AG,
1512 2898 1633 2930 scelus
1657 2899 1693 2929 M

172 2945 287 2976 scitus
310 2946 455 2987 scripsi:
481 2946 728 2982 sciusssssicus
753 2946 794 2986 A,
829 2945 1024 2977 sciustieus
1051 2945 1094 2985 G,
1122 2945 1219 2976 scius
1245 2945 1360 2977 scitus
1385 2955 1417 2985 a,
1445 2945 1567 2976 sciens
1593 2944 1710 2976 scitus
1735 2945 1781 2986 M,

173 3000 260 3022 suus
287 2991 458 3023 scenalus
485 2992 517 3033 S,
546 2991 660 3023 scitus
688 2990 884 3023 Sthenelus
910 2999 931 3026 ς
1025 2992 1068 3023 25
1094 2994 1231 3033 negate
1258 2993 1275 3023 ζ·
1301 2991 1335 3023 ei
1361 2991 1388 3022 G
1481 2992 1523 3022 27
1550 2990 1684 3022 statius
1710 2999 1731 3020 a

171 3035 319 3068 itachus
344 3035 419 3078 AG,
447 3037 604 3078 ythacus
629 3038 676 3078 M,
702 3037 825 3068 itacus
850 3038 870 3067 S

1437 3091 1504 3125 10*
