1955 3228
180 112 198 116 -
789 78 857 127 11⁷1.
917 96 949 140 7,
982 94 1154 126 mma-‚7⁴
1693 79 1770 120 151

173 204 464 248 Gracchorum
502 203 620 258 leges
658 201 844 243 inuisae:
889 202 932 242 et
977 200 1009 241 si
1050 199 1162 254 quod
1203 200 1268 240 est
1307 194 1773 251 exemplumwleforme

172 272 353 329 posteris
391 271 622 325 traditum,
663 269 787 324 quale
824 268 1016 310 libidinis
1055 268 1122 309 uir
1152 266 1302 308 Perses
1341 265 1387 306 i'n
1425 263 1601 305 muliere.
1632 261 1774 304 Samia

174 342 400 384 instituere
433 354 559 381 ausus
590 339 747 380 dicitur
776 337 953 392 primus.
1005 336 1077 376 sed
1098 336 1143 377 in
1165 334 1411 376 uiuentibus
1434 346 1597 387 quoque
1619 330 1774 372 iudicia

172 410 393 453 hominum
425 408 544 450 uelut
574 408 829 463 argumenta
860 406 962 446 sunt
991 419 1171 458 morum,
1205 405 1247 445 et
1276 403 1411 444 honos
1443 403 1517 442 aut
1536 398 1775 455 ignominia

138 495 154 519 5
174 494 318 521 ueram
350 492 440 519 esse
470 476 639 518 laudem
669 475 738 516 uel
768 473 1128 528 uituperationem
1158 471 1326 526 probat.

286 547 498 588 Interesse
528 547 675 586 tamen
703 541 956 584 Aristoteles
986 543 1125 596 putat,
1158 540 1230 581 ubi
1261 538 1445 594 quidque
1477 537 1672 578 laudetur
1703 538 1776 576 aut
1789 532 1842 572 255

174 616 452 670 uituperetur.
512 627 614 654 nam
643 612 874 666 plurimum
905 609 1057 663 refert,
1098 609 1168 663 qui
1207 609 1295 649 sint
1326 605 1590 647 audientium
1621 618 1774 657 mores,

175 699 282 739 quae
312 682 481 738 publice
510 682 684 735 recepta
715 678 955 734 persuasio,
996 679 1044 718 ut
1081 677 1154 718 illa
1194 675 1397 729 maxime,
1438 688 1545 728 quae
1576 673 1774 727 probant,

176 767 266 794 esse
296 752 342 793 in
374 766 434 805 eo,
467 751 540 805 qui
569 748 826 801 laudabitur,
859 746 1047 799 credant,
1081 748 1156 786 aut
1185 745 1231 785 in
1253 758 1315 797 eo,
1350 744 1499 784 contra
1521 756 1646 796 quem
1667 741 1775 782 dice-

126 835 158 860 10
176 835 282 874 nius,
315 834 364 861 ea
395 833 502 874 quae
533 818 733 859 oderunt:
766 816 826 856 ita
856 829 945 856 non
977 813 1153 855 dubium
1185 812 1265 853 erit
1294 811 1511 864 iudicium,
1544 810 1655 864 quod
1686 824 1776 850 ora-

175 890 337 931 tionem
375 885 666 942 praecesserit.
734 884 923 938 ipsorum
963 882 1092 923 etiam
1129 879 1425 935 permiscenda
1464 879 1556 919 laus
1595 892 1774 932 semper,
1791 872 1845 912 24

174 971 275 998 nam
305 955 348 997 id
378 954 599 996 beniuolos
637 952 765 993 facit:
804 951 999 1006 quotiens
1040 951 1181 990 autem
1222 948 1313 989 fieri
1344 948 1523 1002 poterit,
1566 961 1660 988 cum
1691 960 1777 986 ma-

173 1025 307 1066 teriae
338 1023 525 1064 utilitate
557 1020 789 1075 iungenda.
841 1020 982 1059 minus
1014 1017 1331 1058 Lacedaemone
1364 1015 1505 1056 studia
1536 1015 1777 1056 litterarum

175 1108 302 1148 quam
333 1091 517 1133 Athenis
556 1089 729 1130 honoris
761 1087 1056 1139 merebuntur,
1098 1085 1193 1139 plus
1234 1084 1445 1138 patientia
1478 1098 1526 1125 ac
1556 1082 1775 1123 fortitudo.

125 1175 157 1200 15
176 1163 299 1216 rapto
329 1160 472 1202 uiuere
503 1156 757 1213 quibusdam
788 1155 1027 1208 honestum,
1072 1154 1167 1194 aliis
1201 1167 1301 1194 cura
1332 1152 1489 1207 legum.
1550 1150 1777 1205 frugalitas

176 1229 289 1284 apud
320 1227 541 1284 Sybaritas
572 1225 756 1267 forsitan
788 1223 882 1265 odio
913 1223 1044 1276 foret,
1084 1221 1298 1263 ueteribus
1330 1220 1536 1261 Romanis
1568 1233 1777 1259 summum

175 1297 343 1339 luxuria
382 1296 555 1338 crimen.
623 1293 770 1335 eadem
809 1293 854 1333 in
894 1290 1076 1346 singulis
1116 1289 1371 1331 differentia.
1440 1287 1622 1328 maxime
1661 1282 1846 1327 sauefflz')

175 1366 324 1420 iudex,
364 1365 435 1420 (1111
474 1363 556 1404 sibi
594 1362 807 1404 dicentem
847 1360 1052 1401 adsentiri
1092 1360 1230 1413 putat.
1292 1357 1404 1398 idem
1434 1356 1644 1411 praecipit
1674 1355 1775 1396 illud

178 1449 356 1489 quoque,
390 1432 500 1487 quod
531 1445 628 1471 mox
661 1429 881 1472 Cornelius
904 1428 1050 1470 Celsus
1084 1441 1214 1481 prope
1247 1440 1374 1479 supra
1405 1424 1575 1465 modum
1606 1423 1778 1476 inuasit,

127 1515 159 1539 ‘20
179 1502 278 1557 quia
309 1502 364 1543 sit
395 1499 602 1555 quaedam
633 1498 864 1539 uirtutibus
897 1512 945 1537 ac
977 1496 1093 1537 uitiis
1115 1494 1329 1548 uicinitas,
1362 1493 1565 1534 utendum
1587 1492 1779 1546 proxima

179 1569 444 1612 deriuatioiie
475 1567 716 1619 uerborum,
749 1569 797 1607 ut
826 1580 903 1620 pro
925 1563 1152 1605 temerario
1174 1564 1344 1615 fortem,
1378 1576 1454 1616 pro
1476 1561 1655 1615 prodigo
1677 1560 1777 1600 libe—

178 1638 333 1691 ralem,
374 1651 450 1692 pro
489 1650 618 1677 auaro
656 1648 832 1689 parcum
872 1647 1089 1674 nocemus:
1130 1646 1235 1686 quae
1276 1630 1422 1672 eadem
1461 1630 1590 1670 etiam
1631 1630 1779 1670 contra

178 1708 338 1748 ualent.
390 1705 501 1760 quod
532 1703 701 1758 quidem
732 1703 886 1755 orator,
920 1700 961 1741 id
994 1704 1058 1742 est
1089 1701 1155 1741 uir
1186 1700 1335 1752 bonus,
1370 1712 1601 1751 numquam
1631 1696 1776 1749 faciet,

177 1775 261 1816 nisi
291 1774 402 1815 forte.
435 1772 649 1814 communi
679 1771 867 1812 utilitate
900 1770 1089 1810 ducetur.

126 1853 159 1877 ‘25
290 1842 541 1883 Laudantur
573 1842 715 1881 autem
746 1839 904 1880 urbes
937 1837 1132 1878 similiter
1165 1839 1290 1890 atque
1321 1835 1528 1876 homines.
1582 1835 1846 1887 111111111111213

177 1912 356 1966 parente
388 1912 452 1951 est
484 1908 690 1962 conditor,
725 1909 767 1948 et
797 1906 978 1947 multum
1010 1904 1278 1946 auctoritatis
1311 1903 1449 1944 adfert
1480 1904 1692 1955 uetustas,
1733 1903 1781 1941 ut

177 1981 243 2034 iis,
277 1979 347 2034 qui
378 1981 493 2020 terra
524 1977 724 2018 dicunt-ur
755 1975 849 2028 orti,
891 1976 931 2015 et
962 1974 1143 2014 uirtutes
1177 1988 1223 2013 ac
1254 1972 1360 2013 uitia
1395 1972 1507 2012 circa
1539 1985 1604 2011 res
1635 1971 1779 2023 gestas

179 2048 325 2089 eadem
355 2061 461 2101 quae
492 2046 538 2087 in
569 2044 771 2100 singulis:
817 2043 891 2084 illa
923 2042 1116 2097 propria,
1158 2056 1264 2095 quae
1297 2055 1346 2081 ex
1377 2039 1459 2080 loci
1489 2038 1699 2092 positione
1732 2052 1778 2078 ac
1799 2039 1818 2048 ⁸

179 2115 415 2156 munitione
446 2116 560 2155 sunt.
616 2113 727 2154 ciues
759 2112 843 2153 illis
874 2114 921 2152 ut
951 2110 1195 2151 hominibus
1227 2109 1350 2149 liberi
1382 2107 1534 2149 decori.
1591 2111 1653 2147 est
1684 2106 1776 2146 laus
1792 2107 1844 2146 2⁹2

127 2195 167 2224 30.
180 2186 222 2225 et
252 2197 483 2238 operum,
523 2183 569 2222 in
600 2181 751 2235 quibus
783 2180 932 2233 honor,
965 2177 1143 2230 utilitas,
1175 2176 1469 2231 pulchritudo,
1511 2177 1657 2215 auctor
1689 2188 1779 2228 spe-

181 2251 288 2293 ctari
320 2249 440 2291 solet.
500 2250 636 2290 honor
666 2252 713 2289 ut
744 2248 789 2289 in
820 2247 1013 2302 templis,
1055 2244 1218 2286 utilitas
1250 2247 1296 2285 ut
1326 2245 1371 2285 in
1402 2243 1554 2296 muris,
1595 2241 1777 2296 pulchri-

178 2320 280 2360 tudo
312 2318 380 2359 uel
412 2319 559 2359 auctor
588 2317 824 2370 utrobique.
868 2318 929 2356 est
962 2317 1003 2355 et
1033 2314 1285 2366 locorum,
1317 2312 1453 2366 qualis
1477 2310 1645 2353 Siciliae
1668 2310 1778 2363 apud

1788 326 1842 366 ‘22

272 2435 302 2467 6,
330 2433 437 2464 Rhct.
471 2436 496 2467 i.
524 2436 555 2466 9.
652 2434 704 2463 is.
733 2430 819 2462 ibid.
916 2433 968 2463 32.
998 2431 1096 2462 Veri:
1125 2430 1172 2469 H,
1203 2433 1216 2459 1
1247 2438 1325 2469 sqq.
1354 2429 1415 2465 iv,
1436 2429 1488 2459 is,

274 2538 289 2567 1
318 2543 509 2577 gracorum
528 2535 591 2574 Bg‚
619 2543 834 2575 graecorum
859 2534 879 2563 b
973 2535 992 2563 2
1017 2532 1182 2563 libidinis
1200 2532 1242 2561 B:
1269 2529 1486 2561 libidiiwsus
1511 2529 1543 2563 b,
1570 2527 1779 2558 libidinosus

181 2583 235 2613 ztir
257 2592 376 2622 perses
393 2581 485 2611 A‘m.
508 2584 526 2610 2
552 2581 585 2610 in
611 2589 682 2610 ras.
708 2579 845 2609 miinoris
870 2579 974 2619 spatii
1067 2582 1085 2609 ὅ
1112 2578 1226 2607 1110711Α
1248 2577 1272 2605 Τ
1365 2576 1386 2605 i
1412 2574 1528 2605 honus
1545 2574 1570 2603 B
1664 2574 1684 2603 6
1709 2573 1778 2604 ari>

181 2627 325 2665 stotelis
350 2624 391 2657 A¹
420 2630 454 2657 ul
478 2626 612 2656 widelm-
704 2625 724 2656 S
751 2624 903 2665 probant
929 2634 1002 2654 esse
1028 2623 1056 2652 A
1153 2625 1191 2653 113
1220 2621 1365 2651 minime
1391 2619 1641 2651 lacedaemone
1667 2619 1695 2648 A

184 2674 224 2704 14
250 2671 432 2713 patientia
457 2681 500 2702 ac
526 2671 599 2701 Ab:
628 2670 846 2711 patientiam
872 2669 898 2700 B
1062 2669 1101 2698 15
1129 2666 1343 2708 quibusdam
1370 2666 1446 2695 Ab:
1481 2664 1613 2704 quibus
1638 2664 1663 2694 B

184 2719 224 2749 16
250 2717 416 2749 forsitam
443 2717 468 2747 B
582 2717 621 2747 IS
648 2714 822 2746 assentiri
847 2715 926 2745 Ab:
956 2713 1145 2744 adsentari
1170 2713 1194 2742 B
1312 2712 1353 2741 21
1380 2720 1443 2751 pro
1470 2709 1620 2750 prodigo
1647 2726 1688 2730 -—-
1714 2719 1778 2750 pro

183 2773 296 2794 auaro
321 2763 397 2801 Ab3
424 2772 486 2803 pro
513 2766 654 2802 ucraque
679 2762 751 2792 loeo
777 2770 838 2793 om.
864 2760 902 2798 B,
928 2764 961 2790 ιιι
987 2763 1037 2790 est
1062 2759 1079 2797 ἓ
1107 2762 1125 2788 9
1242 2757 1283 2787 22
1309 2759 1452 2796 partum
1478 2756 1530 2794 Bg
1557 2756 1629 2787 Im.
1735 2755 1777 2785 26

184 2812 241 2840 est
264 2809 299 2840 in
322 2809 375 2848 Bg
400 2812 510 2845 mmet.
606 2807 655 2837 uti
684 2806 714 2837 is
732 2806 769 2845 B,
796 2808 836 2836 ut
860 2805 916 2836 his
933 2805 990 2835 Ab
1084 2803 1127 2834 28
1155 2801 1353 2842 eademque
1373 2801 1408 2832 in
1427 2802 1482 2831 Ab
1577 2801 1618 2832 ³29
1644 2799 1778 2831 liberi*

181 2853 222 2893 A,
248 2853 375 2884 liberis
400 2853 438 2890 B,
463 2854 547 2892 fort.
575 2862 621 2883 ea·
645 2851 754 2883 liberi
779 2848 797 2881 ἕ
826 2864 869 2875 =
894 2854 976 2881 sunt
1098 2850 1141 2879 30
1167 2857 1314 2889 operum
1340 2845 1553 2887 magnitudo
1578 2846 1598 2876 b
1717 2855 1778 2876 ex-

183 2899 324 2940 pectari
349 2899 375 2929 B
484 2900 525 2929 32
551 2897 747 2937 utrubique
772 2896 797 2926 B
910 2898 965 2927 est
991 2897 1026 2925 ct
1051 2895 1079 2923 A
1105 2894 1136 2924 ἰη
1164 2904 1232 2925 rus.
1335 2892 1456 2932 qualis
1482 2892 1510 2921 A
1535 2896 1567 2923 et
1593 2901 1682 2923 corr.
1710 2891 1776 2921 Bne

184 2944 308 2984 quasis
333 2944 382 2974 Bn
409 2945 478 2974 Im.
507 2943 610 2984 quasi
634 2943 687 2982 Bg
