1939 3228
77 874 109 899 10

79 1212 110 1237 15

81 1551 113 1576 20

746 138 809 166 xl.
851 135 883 179 1,
913 132 1085 164 15-24,
1634 121 1716 162 ,⁵257

125 242 262 284 dium
307 240 435 282 mihi
485 239 781 293 diligentia
833 236 1155 291 comparaui.
1236 235 1338 290 quin
1389 234 1519 275 etiam
1570 233 1788 275 001111020

125 310 173 359 Q.
216 309 446 351 Caecilium
486 307 536 348 de
576 308 821 348 accusatore
859 306 904 346 in
942 305 1120 346 Verrem
1160 302 1479 356 constituendo,
1526 301 1719 356 quamuis

126 378 307 419 multum
340 378 451 418 esset
480 376 526 417 in
556 374 637 416 hoc
669 388 833 428 quoque
865 372 1090 426 momenti,
1129 374 1223 412 11101
1255 371 1305 411 ad
1338 369 1550 425 agendum
1581 368 1720 423 magis

124 447 300 489 idoneus
339 445 526 498 ueniret,
575 442 742 484 dicendi
786 444 932 482 tamen
970 440 1219 482 facultatem
1258 438 1395 493 magis
1433 437 1496 479 illi
1535 437 1722 478 detraxit

126 529 254 569 quam
276 512 503 567 adrogauit
524 511 618 565 sibi,
652 525 778 565 seque
800 524 887 551 non
910 510 1197 562 consecutum,
1222 507 1295 548 sed
1326 506 1501 548 omnia
1522 506 1543 546 f
1550 520 1570 547 e
1583 505 1720 546 cisse

125 589 181 623 ut
211 583 391 636 posset
422 595 532 622 eam
565 577 817 633 consequi
849 577 968 618 dixit.
1028 577 1073 617 in
1106 575 1300 631 epistulis
1340 573 1567 629 aliquando
1597 572 1786 614 fami-21

125 650 288 691 liariter
325 649 436 703 apud
479 647 657 700 amicos,
682 687 683 693 ,
708 660 1031 700 nonnumquam
1070 645 1115 685 in
1154 643 1355 697 dialogis,
1398 642 1537 682 aliena
1576 644 1721 682 tamen

126 732 310 773 persona
340 731 487 757 uerum
510 716 559 757 de
583 715 826 769 eloquentia
858 728 933 754 sua
965 713 1081 754 dicit.
1120 714 1162 753 et
1193 713 1338 766 aperte
1368 713 1514 751 tamen
1546 709 1721 764 gloriari

127 786 270 827 nescio
303 800 357 825 an
389 784 445 825 sit
475 783 613 838 magis
645 782 868 840 tolerabile
907 781 976 823 uel
1007 781 1100 835 ipsa
1138 780 1233 820 uitii
1265 778 1390 819 huius
1428 777 1720 832 simplicitate,

128 868 255 908 quam
292 852 366 893 illa
402 852 579 892 iactatio
617 866 836 905 peruersa,
879 850 913 891 si
954 849 1178 890 abundans
1219 846 1370 901 opibus
1409 861 1637 900 pauperem
1678 860 1722 886 se

128 924 271 977 neget,
304 920 459 961 nobilis
492 919 717 960 obscurum
749 920 791 960 et
822 919 973 973 potens
1010 916 1228 957 infirmum
1260 917 1302 956 et
1341 914 1522 955 disertus
1553 914 1723 969 imperi-

127 992 218 1030 tum
249 988 377 1043 plane
410 990 451 1028 et
480 987 694 1029 infantem
725 988 861 1027 uocet.
920 983 1312 1026 ambitiosissimum
1343 982 1557 1037 gloriandi
1587 996 1724 1037 genus
1737 984 1792 1024 22

129 1059 193 1099 est
223 1057 351 1098 etiam
383 1056 585 1097 deridere.
648 1055 701 1095 ab
733 1054 827 1095 aliis
859 1068 960 1109 ergo
991 1052 1231 1093 laudemur:
1274 1066 1373 1092 nam
1406 1051 1533 1105 ipsos,
1567 1052 1614 1091 ut
1644 1050 1725 1091 De-

129 1125 372 1166 mosthenes
396 1124 469 1179 ait,
504 1123 763 1177 erubescere,
799 1122 928 1163 etiam
952 1136 1045 1162 cum
1068 1120 1121 1161 ab
1153 1119 1246 1160 aliis
1276 1119 1556 1173 laudabimur,
1589 1119 1722 1159 decet.

130 1208 265 1248 neque
296 1193 377 1235 hoc
409 1193 515 1247 dico,
549 1206 636 1233 non
659 1191 888 1246 aliquando
912 1190 961 1231 de
993 1189 1118 1230 rebus
1151 1203 1175 1228 a
1206 1202 1249 1228 se
1281 1187 1414 1242 gestis
1445 1187 1603 1228 oratori
1635 1201 1726 1228 esse

131 1262 369 1316 dicendum,
403 1261 513 1302 sicut
534 1260 669 1301 eidem
701 1259 979 1300 Demostheni
1012 1272 1087 1312 pro
1111 1255 1408 1310 Ctesiphonte:
1441 1255 1550 1310 quod
1581 1258 1727 1296 tamen

131 1330 192 1371 ita
224 1329 491 1383 emendauit,
524 1330 573 1369 ut
603 1328 904 1369 necessitatem
935 1326 974 1366 id
1008 1324 1192 1366 faciendi
1227 1324 1471 1365 ostenderet
1500 1323 1725 1364 inuidiam-

131 1413 210 1453 que
242 1412 412 1439 omnem
443 1398 488 1438 in
521 1412 616 1438 eum
647 1397 875 1451 regereret,
908 1394 977 1448 qui
1009 1393 1089 1434 1100
1120 1407 1164 1434 30
1198 1392 1420 1447 coegisset.
1465 1393 1506 1431 et
1538 1391 1595 1432 M.
1629 1391 1725 1432 Tul-
1740 1393 1794 1433 23

131 1466 211 1507 lius
243 1481 368 1521 saepe
401 1465 505 1506 dicit
535 1464 585 1506 de
617 1478 819 1519 oppressa
852 1461 1145 1503 coniuratione
1171 1460 1394 1513 Catilinae,
1427 1459 1497 1500 sed
1530 1459 1652 1500 modo
1685 1460 1727 1500 id

131 1534 281 1575 uirtuti
305 1535 492 1587 senatus,
526 1532 648 1573 modo
678 1531 974 1586 prouidentiae
997 1529 1168 1570 deorum
1200 1528 1488 1569 inmortalium
1512 1527 1726 1582 adsignat.

133 1602 380 1657 plerumque
403 1603 552 1643 contra
582 1600 778 1641 inimicos
808 1602 934 1654 atque
957 1598 1265 1639 obtrectatores
1297 1596 1391 1651 plus
1413 1596 1605 1637 uindicat
1627 1595 1728 1636 sibi:

134 1672 258 1711 erant
289 1671 402 1711 enim
433 1669 506 1710 illa
537 1669 711 1723 tuenda,
746 1683 841 1710 011111
872 1667 1155 1708 obicerentur.
1197 1666 1243 1706 in
1275 1664 1533 1706 carminibus
1564 1664 1728 1705 utinam
1743 1666 1798 1707 24

135 1739 411 1793 pepercisset,
445 1753 550 1793 quae
580 1752 668 1779 non
700 1737 916 1778 desierunt
948 1749 1118 1789 carpere
1150 1733 1351 1788 maligni:

248 1806 435 1848 cedant
467 1820 607 1847 arma
637 1808 817 1861 togae,
853 1803 1114 1845 concedat
1144 1802 1328 1843 laurea
1358 1801 1578 1855 linguae

101 1877 177 1916 ret

248 1959 271 1985 o
302 1944 634 1984 fortunatam
666 1944 842 1983 natam
873 1956 946 1982 me
980 1939 1199 1982 consule
1232 1938 1469 1979 Romam!

136 2014 178 2053 et
207 2012 381 2053 Iouem
412 2011 581 2066 illum,
616 2026 639 2052 a
670 2025 767 2065 quo
799 2010 852 2050 in
876 2009 1157 2051 concilium
1180 2008 1392 2049 deorum
1414 2005 1728 2060 aduocatur,

1721 2094 1739 2102 x

226 2187 259 2219 5.
285 2185 357 2216 diu.
384 2185 421 2216 in
447 2184 587 2220 Caecil.
617 2186 668 2223 12,
695 2185 750 2216 40.
847 2184 898 2214 16.
926 2182 969 2214 (10
996 2193 1068 2216 cor.
1095 2182 1114 2220 ἓ
1141 2182 1216 2213 128.
1333 2182 1377 2211 24
1402 2189 1479 2221 sqq.
1506 2179 1543 2210 in
1570 2179 1731 2209 carmine

137 2230 181 2262 (10
208 2230 401 2263 consulatu
427 2240 501 2262 suo.

231 2391 247 2420 1
276 2389 473 2430 diligentia
498 2389 541 2419 B:
570 2387 801 2430 diligentiam
828 2388 892 2417 Mb
1019 2388 1038 2417 3
1065 2395 1144 2417 esse
1171 2386 1235 2415 Mb
1349 2384 1489 2415 utinam
1515 2383 1560 2414 ad
1585 2384 1621 2413 Μ

139 2436 159 2467 5
186 2439 420 2466 consecutum
446 2435 490 2465 B:
518 2444 640 2465 secum
667 2434 699 2472 b,
728 2442 834 2465 secus
859 2433 894 2462 M
1009 2433 1029 2462 6
1054 2440 1160 2472 posse
1187 2431 1207 2460 b
1309 2439 1353 2460 ea
1378 2430 1452 2468 Mb,
1481 2429 1591 2460 etiam
1616 2429 1642 2459 B

140 2482 158 2512 7
186 2482 322 2511 amicos
350 2479 444 2521 apud
472 2479 609 2510 amicos
635 2479 698 2508 Mb
792 2477 916 2510 aliena
940 2478 1021 2507 Mb:
1048 2487 1109 2508 om.
1136 2476 1161 2506 B
1256 2476 1275 2507 8
1301 2473 1345 2506 de
1372 2474 1585 2515 eloquentia
1609 2490 1653 2495 —
1678 2477 1733 2504 ta-

140 2536 221 2557 men
247 2537 308 2557 om.
335 2526 400 2555 Mb
538 2526 558 2556 9
583 2525 665 2566 ipsa
689 2523 767 2554 uiui
792 2524 837 2564 B,
871 2524 1019 2554 additam
1043 2533 1070 2553 s.
1097 2524 1116 2552 Ι.
1144 2523 1176 2552 in
1201 2521 1269 2560 Bg:
1302 2520 1348 2553 al.
1374 2518 1414 2560 (i.
1440 2530 1469 2551 e.
1495 2519 1560 2550 alii
1590 2517 1733 2560 legunt)

141 2571 266 2612 anicii,
293 2572 379 2602 unde
405 2571 439 2601 in
455 2570 490 2599 M
515 2570 600 2611 ipsa
626 2569 700 2600 alia
727 2569 829 2610 eupit
922 2569 963 2600 10
988 2567 1055 2599 illa
1079 2567 1233 2598 iactatio
1252 2566 1423 2597 Rollinus:
1450 2564 1514 2595 illa
1532 2565 1734 2595 iactatione

140 2616 178 2657 B,
205 2616 271 2647 illa
298 2616 334 2647 in
361 2616 563 2646 iactatione
590 2615 665 2654 Mb,
692 2614 757 2645 illa
781 2614 984 2646 iactatione
1010 2624 1043 2654 p.
1070 2613 1123 2643 uti
1150 2612 1298 2653 Capper.
1399 2620 1436 2641 se
1462 2613 1574 2650 neget
1598 2610 1642 2640 B:
1669 2609 1734 2640 sed

140 2662 174 2703 b,
201 2662 230 2693 si
256 2663 303 2703 M,
331 2672 368 2693 se
397 2669 417 2695 ς
513 2662 553 2691 12
578 2662 714 2692 nocent
738 2660 802 2690 Mb
897 2659 1130 2690 ambitiosum
1154 2658 1190 2687 M
1291 2658 1331 2687 13
1359 2655 1404 2686 ab
1429 2655 1504 2686 illis
1528 2656 1561 2692 b,
1588 2654 1661 2686 alia
1688 2654 1733 2685 ab

140 2707 215 2738 illis
240 2708 276 2736 M
371 2707 411 2737 14
438 2708 501 2747 ayt
525 2706 570 2746 M,
597 2706 627 2736 it
652 2706 672 2735 b
767 2705 878 2736 etiam
902 2705 945 2735 B:
974 2703 1010 2734 id
1035 2704 1107 2734 iam
1124 2703 1189 2732 Mb
1282 2701 1512 2732 laudauimur
1535 2701 1556 2731 b
1649 2699 1737 2730 dicit

140 2753 203 2782 Mb
297 2753 337 2782 1ss
364 2752 457 2783 idem
483 2752 546 2781 Mb
646 2760 710 2792 pro
738 2750 971 2792 steniphonte
997 2750 1030 2787 b,
1057 2747 1219 2790 prosteni
1244 2748 1279 2776 M
1396 2747 1436 2777 17
1462 2746 1497 2776 id
1523 2756 1584 2778 om.
1610 2746 1646 2774 M

143 2797 183 2828 18
210 2797 294 2838 quid
319 2798 340 2827 b
444 2798 488 2828 20
512 2795 659 2827 uirtutis
683 2796 747 2826 Mb
862 2797 902 2826 21
930 2795 1201 2826 obtractatores
1227 2792 1296 2822 ΒΜ
1411 2792 1453 2823 22
1479 2793 1558 2822 erat
1581 2791 1644 2820 Mb

142 2841 205 2873 illa
231 2842 368 2873 tuenda
392 2844 535 2883 scripsi:
561 2840 734 2872 intuenda
760 2841 797 2881 Β,
824 2840 960 2872 tuenda
985 2840 1077 2875 Μῦς
1172 2838 1319 2870 obicere
1345 2837 1376 2877 b,
1404 2836 1610 2868 obiceretur
1637 2837 1665 2865 Μ

142 2888 184 2918 23
211 2897 280 2928 qua
305 2889 357 2928 Bg
382 2890 454 2921 Im.
481 2893 516 2919 ut
540 2888 674 2918 uidetur
788 2888 831 2917 24
856 2885 981 2916 laurea
1006 2885 1050 2915 B:
1076 2883 1229 2915 laudare
1254 2883 1318 2913 Mb
1432 2881 1582 2924 linguae
1606 2882 1649 2911 B:
1675 2891 1735 2912 om.

142 2933 189 2973 M,
217 2932 338 2964 alinue
364 2934 396 2973 b,
422 2933 522 2964 laudi
548 2941 569 2967 ς
661 2933 704 2963 25
730 2934 766 2962 et
790 2942 851 2964 om.
878 2931 941 2960 Mb
1049 2930 1091 2962 26
1117 2940 1136 2961 0
1161 2930 1244 2959 Mb:
1271 2938 1332 2960 om.
1358 2927 1384 2958 B
1477 2930 1603 2959 natam
1629 2937 1689 2959 om.
1715 2927 1736 2957 b

234 2978 405 3010 consules
430 2979 550 3010 omnia
573 2978 595 3008 b
688 2978 729 3009 27
757 2977 793 3007 111
819 2977 899 3007 Mb:
926 2986 988 3007 om.
1014 2976 1039 3006 B
1137 2975 1340 3006 aduocatus
1365 2974 1397 3013 b,
1423 2975 1578 3004 uocatus
1602 2973 1638 3002 M

212 3034 389 3074 QU1NT1L.
410 3034 463 3066 ed.
483 3035 609 3066 HALM.
649 3033 731 3068 Vol.
748 3033 795 3068 ΙΙ.
1422 3030 1462 3061 17
