1939 3180
138 104 221 146 242
663 114 958 153 QUINTILIANI
991 114 1108 145 ler.
1145 114 1218 144 (ηε.

138 218 240 259 tatis
273 218 468 259 existimo
502 232 551 259 ex
584 217 904 272 simplicissima
943 232 1109 272 quaque
1147 217 1344 259 materia.
1402 232 1500 258 nam
1535 217 1609 258 illa
1639 217 1746 259 mul-

138 287 276 342 tiplici
319 301 619 341 personarum,
667 301 911 341 causarum,
954 283 1218 340 temporum,
1264 286 1474 341 locorum,
1523 287 1746 341 dictorum7

137 356 351 397 factorum
384 354 633 396 diuersitate
670 354 800 396 facile
840 355 1062 396 delitescet
1099 354 1328 395 infirmitas
1339 389 1348 409 ⁷
1389 357 1454 396 tot
1485 369 1529 396 se
1559 355 1747 410 undique

73 425 278 478 11rebus,
313 438 362 465 ex
395 423 547 478 quibus
580 423 765 478 aliquam
798 422 1117 478 adprehendas,
1160 423 1451 465 offerentibus.
1519 423 1623 464 illud
1664 424 1747 464 uir-

137 493 244 534 tutis
275 493 479 534 indicium
512 495 591 546 est,
631 492 811 533 fundere
844 507 952 547 quae
983 485 1152 542 natura!
1171 480 1394 533 contracta
1426 494 1548 547 sunt,
1592 506 1748 547 augere

137 576 286 616 parua,
320 561 576 609 uarietatem
609 560 839 615 similibus⁷
879 561 1144 615 uoluptatem
1181 560 1386 615 expositis
1426 560 1526 601 dare
1566 562 1609 601 et-
1639 560 1748 601 bene

139 630 278 672 dicere
310 630 447 671 multa
479 629 529 671 de
560 629 723 685 paucis.

250 698 304 741 In
325 698 406 740 hoc
426 699 586 754 optime
606 698 771 740 facient
792 698 989 739 infinitae
1011 698 1297 752 quaestiones,
1322 712 1426 753 quas
1448 697 1594 739 uocari
1614 696 1748 739 thesis

140 768 337 822 diximus,
372 767 524 823 quibus
547 767 694 810 Cicero
727 768 811 808 iam
844 767 1045 822 princeps
1077 766 1122 807 in
1153 781 1198 807 re
1230 766 1401 820 publica
1425 767 1611 808 exerceri
1645 766 1749 807 sole-

74 839 124 879 12
139 838 228 879 bat.
290 836 356 878 his
404 836 584 878 confinis
632 838 697 878 est
742 836 976 877 destructio
1016 837 1058 876 et
1103 835 1371 876 confirmatio
1417 835 1744 876 sententiarum.

137 921 239 947 nam
274 916 372 947 ‘cum
412 907 469 947 sit
507 905 724 947 sententia
764 905 979 946 decretum
1028 903 1240 959 quoddam
1286 905 1413 958 atque
1456 906 1746 959 praeceptum,

138 975 248 1030 quod
289 974 340 1015 de
379 989 424 1016 re
436 1008 446 1029 7
487 974 600 1016 idem
633 974 683 1015 de
721 974 879 1015 iudicio
911 974 972 1014 rei
1004 972 1151 1028 quaeri
1183 974 1339 1027 potest.
1401 974 1492 1013 tum
1523 973 1603 1014 loci
1639 987 1749 1014 com-

138 1051 304 1098 munes)
340 1058 443 1098 quos
476 1044 606 1084 etiam
630 1042 811 1098 scriptos
845 1042 899 1083 ab
921 1042 1161 1083 oratoribus
1193 1042 1365 1082 scimus.
1408 1057 1509 1082 nam
1541 1041 1611 1096 qui
1643 1041 1750 1082 haec

137 1114 256 1155 recta
286 1115 457 1154 tantum
490 1113 531 1152 et
562 1111 609 1152 in
640 1111 781 1152 nullos
813 1110 947 1152 flexus
991 1110 1236 1152 recedentia
1276 1110 1445 1165 copiose
1484 1111 1749 1164 tractauerit,

137 1182 283 1237 utique
320 1182 367 1223 in
414 1180 498 1221 illis
538 1179 681 1235 plures
726 1195 927 1221 excursus
972 1179 1280 1235 recipientibus
1326 1179 1465 1234 magis
1513 1178 1749 1219 abundabit

1769 855 1801 879 10

1771 1196 1801 1221 15

71 1255 122 1296 13
138 1252 301 1306 eritque
332 1250 377 1291 in
410 1249 548 1291 omnis
582 1264 731 1291 causas
763 1252 962 1304 paratus:
994 1263 1141 1289 omnes
1173 1248 1288 1289 enim
1319 1247 1592 1303 generalibus
1624 1262 1768 1302 quae—c

140 1319 354 1361 stionibus
385 1320 600 1360 constant.
644 1333 744 1359 nam
767 1318 866 1373 quid
897 1317 1079 1359 interest
1111 1316 1356 1359 eCornelius
1378 1316 1575 1358 tribunus
1596 1316 1748 1371 plebis,

146 1388 257 1443 quod
290 1388 476 1430 codicem
496 1387 665 1442 legerit,
696 1402 791 1428 reus
822 1387 915 1441 sit'⁷
947 1402 1002 1428 an
1025 1400 1297 1441 quaeramus:
1331 1385 1591 1427 tuioleturne
1623 1385 1750 1425 maie-

149 1460 258 1512 stas7
301 1458 336 1498 si
373 1457 654 1512 magistratus
692 1456 961 1511 rogationem
999 1470 1119 1496 suam
1163 1455 1321 1510 populo
1366 1451 1456 1509 ipse
1502 1453 1749 1495 recitarit?’

140 1525 269 1567 cMilo
302 1526 496 1568 Clodium
529 1527 701 1567 rectene
724 1525 951 1566 occiderit’
984 1524 1134 1565 ueniat
1155 1524 1199 1565 in
1221 1523 1439 1577 iudicium,
1474 1538 1528 1564 an
1562 1524 1749 1577 ‘oporte—

140 1598 242 1637 atne
280 1595 577 1636 insidiatorem
616 1594 801 1635 interfici
841 1594 907 1635 uel
947 1593 1234 1648 perniciosum
1268 1586 1329 1632 rei
1367 1591 1563 1646 publicae
1601 1592 1749 1645 ciuem,

140 1664 309 1705 etiamsi
356 1678 443 1705 non
491 1663 763 1705 insidieturz'
817 1663 946 1704 ‘Cato
986 1661 1193 1703 Marciam
1242 1660 1478 1702 honestene
1525 1660 1750 1701 tradiderit

138 1732 398 1774 Hortensio’
440 1748 495 1773 an
536 1731 846 1773 econueniatne
884 1746 951 1772 res
990 1731 1090 1771 talis
1131 1730 1242 1771 bono
1278 1731 1409 1770 uiro'.
1473 1729 1523 1770 de
1554 1729 1748 1783 personis

76 1802 368 1855 14iudicatur7
400 1801 473 1842 sed
506 1801 556 1841 de
588 1800 713 1842 rebus
747 1800 1036 1841 contenditur.
1090 1798 1424 1840 declamationes
1456 1811 1569 1850 uero,
1601 1796 1748 1851 quales

139 1871 184 1911 in
216 1869 371 1911 scholis
403 1869 622 1911 rhetorum
655 1869 868 1923 dicuntur,
903 1868 938 1909 si
961 1868 1084 1909 modo
1116 1870 1216 1908 sunt
1248 1867 1300 1908 ad
1333 1866 1560 1907 ueritatem
1584 1879 1746 1906 accom-
1767 1882 1781 1906 ε»

139 1939 336 1980 modatae
369 1941 411 1979 et
441 1938 704 1980 orationibus
736 1937 916 1991 similes,
958 1951 1046 1977 non
1078 1938 1251 1977 tantum
1283 1935 1382 1976 dum
1415 1934 1624 1975 adulescit
1653 1948 1746 1989 pro-

138 2008 291 2061 fectus,
323 2010 423 2049 sunt
444 2007 711 2060 utilissimae,
738 2007 836 2060 quia
856 2005 1152 2046 inuentionem
1177 2007 1220 2045 et
1241 2003 1564 2058 dispositionem
1586 2004 1748 2057 pariter

234 2208 250 2237 1
278 2217 361 2237 nam
388 2207 425 2237 in
451 2205 518 2236 illa
543 2204 667 2246 Regius
775 2205 795 2234 2
822 2212 1014 2244 personam
1041 2205 1242 2243 temporum
1269 2200 1430 2232 locorum
1456 2203 1495 2231 ut
1522 2199 1701 2230 dictorum
1727 2200 1747 2230 b

232 2254 252 2285 3
278 2253 464 2284 ‹lelitiscet
487 2252 508 2282 b
646 2252 668 2281 4
694 2246 756 2292 ex]
785 2254 821 2280 et
846 2250 866 2280 b
984 2249 1145 2288 aliquam
1170 2248 1223 2279 M:
1257 2247 1415 2287 aliquem
1442 2246 1468 2276 B
1487 2281 1501 2289 s
1593 2244 1747 2276 offeren-

142 2299 237 2330 cium
263 2299 284 2329 b
400 2297 551 2329 uirtutis
577 2297 656 2327 edd.
683 2301 761 2329 nell.
787 2295 964 2326 uirtutum
990 2295 1061 2325 ΒΜ
1194 2296 1213 2324 5
1239 2292 1409 2324 iudicium
1435 2292 1470 2322 Μ
1586 2292 1605 2321 6
1632 2301 1748 2332 parua

140 2344 226 2375 BM:
257 2347 359 2385 parte
378 2345 398 2374 b
492 2342 684 2374 uoluntate
703 2342 724 2371 b
818 2342 838 2373 8
864 2339 1028 2371 infinitas
1045 2341 1066 2370 b
1161 2340 1180 2370 9
1208 2335 1356 2380 quibus]
1386 2338 1444 2378 qui
1462 2338 1483 2368 b
1577 2338 1748 2378 princeps

140 2391 212 2421 ian]
238 2391 274 2420 Μ
371 2391 407 2421 in
434 2399 543 2431 repus
569 2388 601 2427 b⁷
627 2388 702 2419 lli-m·
727 2388 751 2417 Τ
776 2387 813 2417 in
840 2387 950 2417 rebus
1046 2387 1086 2417 10
1112 2384 1168 2415 his
1193 2385 1274 2415 Mb:
1300 2384 1359 2415 hic
1384 2384 1409 2414 B
1503 2384 1702 2414 restructio
1728 2384 1748 2413 b

235 2439 273 2467 12
301 2432 448 2478 quaeri]
476 2445 570 2475 quae
596 2435 616 2465 b
710 2436 784 2464 tum
810 2433 891 2463 Mb:
919 2442 998 2463 cum
1024 2432 1049 2461 B
1146 2432 1186 2462 13
1214 2441 1283 2470 quo
1308 2431 1329 2460 b
1425 2430 1465 2460 14
1492 2429 1656 2460 recentia
1682 2429 1702 2459 b

143 2482 291 2524 copiose
310 2483 389 2513 Mb:
419 2480 680 2522 compositione
700 2479 726 2509 B
806 2482 846 2510 15
872 2488 1042 2509 recursus
1059 2478 1095 2506 M
1166 2476 1423 2517 recipientium
1441 2475 1461 2505 b
1557 2475 1597 2505 1ss
1623 2484 1746 2506 ornnes

141 2529 206 2562 Μς
300 2530 453 2569 paratus
481 2526 678 2558 Geblzm'tlns
704 2525 892 2565 (Frepzcml.
915 2525 947 2559 3,
966 2524 1022 2563 8').·
1049 2525 1174 2564 gratus
1200 2522 1281 2562 BM,
1310 2524 1453 2552 sei-atus
1478 2521 1499 2551 b
1605 2521 1746 2561 generi>

141 2574 207 2604 bus
232 2574 266 2604 M
360 2572 640 2614 quaestionibus
667 2581 727 2602 om.
744 2571 764 2601 b
862 2571 901 2601 18
924 2570 1010 2609 fort.
1038 2572 1185 2599 rectene
1211 2577 1296 2598 reus
1322 2569 1382 2606 sit,
1410 2571 1444 2597 ut
1469 2570 1520 2597 est
1543 2568 1645 2607 paulo
1670 2570 1748 2606 post

142 2624 290 2651 rectene
317 2620 505 2658 occiderit,
532 2629 572 2649 ac·
597 2617 720 2648 deinde
747 2616 947 2646 honestene
976 2613 1172 2645 tradiderit
1312 2614 1352 2644 19
1378 2613 1408 2643 si
1436 2609 1548 2652 magn]
1576 2612 1746 2651 iminage-

140 2669 258 2697 status
284 2666 305 2696 b
400 2664 573 2696 recitauit
597 2664 644 2702 M,
671 2661 887 2693 recitauerit
912 2669 931 2694 ς
1025 2662 1068 2692 20
1095 2670 1140 2690 an
1166 2660 1204 2690 b:
1232 2669 1293 2690 om.
1319 2659 1389 2689 ΒΜ
1483 2658 1523 2688 ‘21
1552 2654 1612 2697 ne]
1640 2666 1708 2687 nec
1726 2657 1746 2686 b

231 2714 274 2742 ‘22
302 2711 447 2742 etiamsi
472 2720 542 2740 non
569 2709 614 2739 B:
641 2709 671 2739 si
697 2718 758 2741 om,
785 2708 832 2741 Μ,
861 2706 1005 2737 etiamsi
1032 2716 1101 2737 non
1128 2705 1199 2736 nisi
1223 2705 1244 2735 b
1360 2703 1470 2735 catho
1497 2701 1683 2732 materiam
1711 2702 1747 2730 M

233 2758 276 2789 ⁴23
301 2757 485 2788 hortentio
511 2757 530 2787 b
625 2764 669 2785 ne
696 2764 757 2785 0711.
783 2753 819 2782 M
913 2752 1045 2783 resalis
1070 2751 1090 2782 b
1184 2752 1227 2782 25
1254 2749 1423 2781 dicentur
1447 2749 1482 2777 M
1580 2748 1622 2777 26
1649 2747 1746 2777 simi-

142 2802 237 2833 libus
263 2803 283 2833 b
390 2801 582 2833 aslulescet
608 2802 632 2831 Τ
658 2810 751 2831 corr.
778 2798 960 2829 adolescit.
985 2798 1006 2828 b
1123 2796 1311 2836 profectus
1336 2794 1379 2824 B:
1407 2793 1593 2835 perfectus
1618 2792 1663 2828 Μ,
1693 2794 1745 2823 in-

142 2853 274 2880 uentus
302 2847 373 2885 (ant
400 2849 588 2886 iuuentus)
607 2847 639 2880 b,
667 2845 811 2876 iuuenis
829 2843 987 2883 Bmmell‚
1015 2843 1202 2885 profectus
1228 2840 1422 2871 iuuenibus
1440 2838 1585 2870 Meister
1602 2839 1635 2869 in
1655 2840 1744 2872 Αηη,

142 2895 257 2934 philol.
285 2893 408 2934 (1863)
436 2896 499 2925 vol.
517 2894 570 2928 87,
592 2893 668 2931 189,
695 2892 778 2922 dum
804 2889 998 2929 adulescit,
1026 2887 1209 2930 profectui
1235 2889 1320 2917 sunt
1344 2884 1422 2915 util.
1444 2884 1614 2919 B1tr·sz'[m,·
1639 2889 1674 2914 at
1700 2885 1745 2924 ef.

144 2942 175 2977 1,
196 2942 226 2973 2.
248 2941 290 2969 26
314 2941 423 2981 ibique
450 2940 626 2979 illeyserum
742 2938 784 2968 ‘37
812 2937 899 2977 quia
924 2946 1004 2966 nos:
1031 2944 1125 2975 quae
1150 2933 1239 2972 libri,
1266 2936 1306 2961 ut
1332 2940 1426 2971 quae
1454 2929 1599 2961 Meister
1711 2933 1747 2960 et

141 2996 203 3017 om.
229 2985 299 3015 BM
392 2985 634 3025 dispositione
661 2984 696 3012 M

1769 1540 1802 1565 20
