1939 3180
154 131 238 171 310
677 139 964 177 QUINTILIANJ
1001 139 1118 168 le'r.
1154 139 1227 167 on.

155 242 430 295 recidentem,
455 243 624 296 gestulii
655 240 918 295 distinctum,
951 256 1099 281 uocem
1131 241 1315 281 sermoni
1338 240 1573 294 proximan]
1597 242 1639 281 et
1659 242 1752 280 ian-

154 313 245 351 tum
278 309 497 363 acriorem,
532 324 682 350 sonum
714 308 948 363 simplicem
980 304 1324 363 frequentissime
1356 308 1590 362 postulabit
1621 308 1662 349 in
1687 308 1753 348 his

155 378 399 419 dumtaxat:
432 376 480 425 Q.
515 376 650 417 0111111
682 376 956 431 Ligarius,
993 391 1102 417 cum
1135 378 1273 417 esset
1303 376 1354 416 in
1387 376 1573 417 Africa
1603 376 1754 416 nulla

156 445 284 487 belli
318 444 573 499 suspicio,
607 446 649 485 et
671 444 723 485 A.
759 444 1040 485 Cluentius
1072 443 1305 484 Habitus
1336 445 1490 498 pater
1521 443 1750 485 huiusce.

157 513 270 555 aliud
302 513 348 554 in
380 512 524 554 eadem
555 514 736 567 poscent
767 512 980 566 adfectus,
1013 511 1081 553 uel
1097 505 1317 563 'concitati
1351 518 1401 552 *n
1414 512 1529 552 ubit
1560 526 1658 566 gen
1671 527 1753 552 ero
1774 526 1788 549 Γ,

157 585 387 635 socrus’,
444 580 510 622 uel
552 579 715 621 flebiles
769 580 1156 621 ‘constituitur
1201 580 1255 621 in
1299 580 1416 621 foro
1461 580 1755 621 Laodiceae

157 649 522 704 spectaculum
555 648 801 689 acerbum
833 650 884 689 et
922 648 1171 689 miserum
1213 649 1314 689 toti.
1346 648 1503 689 Asiae
1542 649 1755 703 prouin-

64 722 140 762 163
159 718 306 759 ciae'.
368 717 551 758 maxime
583 717 702 757 uaria
734 719 777 757 et
806 716 1029 770 multiplex
1062 716 1174 757 aetio
1206 720 1270 765 est
1300 716 1623 770 probatninum:
1656 732 1756 757 nam

159 788 202 827 et
231 800 483 841 proponere,
518 785 681 839 partiri,
715 784 1200 839 internigarmsermoni
1233 786 1332 825 sunt
1353 785 1556 839 proxima,
1589 786 1631 825 et
1661 800 1756 825 con-

158 854 459 895 tradictionem
493 868 677 894 sumere:
710 868 811 894 nam
844 868 892 893 ea
924 868 1088 907 qnoque
1120 853 1288 893 diuersa
1310 852 1543 907 propositio
1566 854 1642 893 est.
1685 853 1755 893 sed

158 923 265 964 llaec
295 924 440 963 tamen
481 917 710 976 aliquando
748 921 1008 972 inridentes,
1047 920 1275 975 aliquando
1314 920 1534 961 imitantes
1571 936 1757 975 pronun-

69 994 145 1035 164
159 991 330 1032 tiamus.
393 991 713 1045 argumentatio
751 990 1000 1044 plerumque
1032 989 1183 1043 agilior
1216 991 1258 1029 et
1289 989 1424 1030 acrior
1456 991 1498 1029 et
1528 989 1760 1030 instantior

163 1059 502 1100 consentientem
542 1058 725 1098 orationi
766 1057 955 1111 postulat
993 1057 1121 1097 etiam
1168 1059 1360 1111 gestum,
1408 1057 1448 1098 id
1498 1059 1562 1097 est
1604 1058 1757 1098 fortem

164 1127 438 1168 celeritatem.
482 1125 727 1166 instandum
753 1125 1003 1180 quibusdam
1026 1125 1069 1165 in
1093 1125 1285 1178 partibus
1308 1127 1350 1166 et
1370 1126 1588 1166 densanda
1612 1126 1758 1166 oratio.

163 1195 427 1250 egressiones
460 1195 546 1235 sere
577 1194 695 1235 lenes
728 1196 769 1235 et
801 1194 943 1235 dulces
975 1196 1017 1234 et
1047 1193 1263 1247 remissae,
1297 1196 1444 1248 raptus
1465 1193 1759 1248 l'wiserpinaw,
1799 1208 1811 1229 ⁷,

1780 867 1789 890 l
1794 870 1809 891 Ι)

163 1263 332 1305 Siciliae
347 1262 588 1317 descriptio,
604 1263 680 1304 On.
694 1262 869 1317 Pompei
881 1262 991 1302 laus:
1008 1276 1144 1315 neque
1157 1262 1270 1302 enim
1285 1262 1438 1302 mirum
1449 1262 1589 1302 minus
1603 1261 1759 1303 habere
1802 1302 1809 1305 ,

70 1337 147 1378 165
164 1332 452 1373 contentionis
484 1346 547 1385 ea,
582 1346 696 1386 quae
721 1333 824 1372 sunt
854 1334 973 1371 extra
1004 1330 1311 1384 quaestionem.
1354 1330 1529 1370 mollior'
1551 1345 1761 1371 nonnum-

163 1415 289 1455 quam
323 1415 417 1441 cum
456 1400 731 1454 reprensione
771 1396 963 1440 diuersae
1003 1398 1136 1452 partis
1178 1398 1381 1439 imitatio:
1429 1398 1648 1439 uidebar
1686 1399 1760 1439 ui—

164 1469 284 1510 dere
318 1468 452 1509 alios
484 1468 768 1521 intrantis,
812 1467 947 1508 alios
988 1469 1159 1506 autem
1199 1467 1471 1520 exeuntis,
1513 1467 1760 1520 quosdam

165 1552 221 1577 ex
262 1536 388 1577 uino
430 1536 756 1577 uacillantis.
829 1535 897 1575 ubi
938 1549 1023 1575 non
1063 1534 1271 1576 dissidens
1312 1550 1335 1575 a
1366 1549 1468 1575 uoce
1500 1535 1763 1588 permittitur

166 1607 313 1660 gestus
346 1620 523 1659 quoque,
556 1605 601 1645 in
634 1606 858 1658 utramque
890 1606 1055 1658 partem
1087 1606 1236 1644 tenera
1269 1602 1498 1657 quaedam,
1540 1603 1610 1643 sed
1649 1603 1763 1643 intra

72 1680 150 1720 166
166 1688 317 1713 manns
358 1676 503 1713 tamen
537 1677 579 1714 et
610 1673 701 1713 sine
734 1674 849 1713 motu
882 1671 1063 1712 laterum
1103 1671 1341 1712 translatu).
1412 1671 1672 1711 accendendi
1702 1671 1762 1711 iu-

167 1741 272 1781 dicis
312 1741 452 1796 plures
495 1743 596 1782 sunt
634 1740 806 1796 gradus.
877 1754 1064 1780 summus
1107 1739 1177 1779 ille
1221 1742 1263 1779 et
1304 1754 1386 1792 quo
1430 1739 1570 1779 nullus
1613 1741 1677 1779 est
1718 1739 1763 1779 in

167 1812 333 1850 oratore
357 1810 539 1850 acutior:
573 1811 818 1862 suscepto
851 1807 1014 1861 bello,
1050 1808 1263 1860 Caesar,
1296 1810 1450 1861 gest-o
1482 1807 1581 1847 iam
1605 1807 1761 1847 etiam

1781 1550 1813 1571 21)

169 1893 225 1918 ex
257 1880 408 1931 parte
439 1893 479 1917 m
494 1892 591 1932 agn
606 1892 642 1917 a.
705 1875 917 1930 praedixit
950 1876 1083 1916 enim:
1124 1877 1326 1929 quantu
1340 1890 1380 1915 111
1422 1877 1606 1928 potero
1638 1890 1814 1916 uoce25

170 1946 510 1999 contendam,
544 1944 843 1999 utpopulus
876 1943 968 1984 hoe
991 1943 1250 1984 Romanus
1283 1943 1545 1984 exaudiat.
1590 1943 1763 1997 paulum

169 2014 347 2054 inferior
379 2016 421 2054 et
450 2013 611 2054 liabens
644 2013 803 2067 aliquid
842 2013 925 2052 iam
965 2012 1265 2053 inculnlitatis:
1311 2011 1433 2065 quid
1473 2011 1607 2051 enim
1646 2014 1764 2051 tuus

76 2079 282 2135 11371110,
316 2082 540 2135 Tubero,
575 2082 626 2121 in
660 2081 774 2121 acie
808 2080 1124 2120 Pharsalica
1156 2080 1364 2133 gladius
1397 2079 1622 2133 agebat?
1679 2079 1766 2133 ple-

172 2151 266 2190 nius
300 2150 437 2191 adhuc
469 2152 511 2190 et
542 2149 699 2189 lentius
731 2149 908 2203 ideoque
941 2149 1110 2189 duleus:
1151 2148 1203 2188 in
1243 2156 1396 2188 coetu
1432 2162 1552 2187 uero
1583 2163 1680 2201 pop
1694 2147 1765 2187 uli

264 2326 293 2354 3.
323 2335 355 2365 p.
384 2324 465 2365 Lig.
495 2325 524 2361 1,
551 2324 582 2353 2.
677 2323 709 2352 4.
738 2332 769 2362 p.
799 2321 942 2354 Cluent.
970 2323 1000 2357 5,
1030 2323 1080 2351 11.
1187 2323 1217 2352 5.
1244 2321 1290 2353 111,
1318 2322 1349 2358 5,
1381 2322 1430 2352 14.
1548 2321 1579 2350 6.
1608 2321 1710 2351 Verr.
1738 2321 1766 2359 I,

173 2373 226 2407 30,
256 2371 308 2402 702
418 2372 468 2401 16.
497 2370 621 2409 Pomp.
650 2366 747 2408 laus]
776 2368 812 2397 in
841 2378 891 2397 or.
922 2378 954 2408 Ι),
975 2366 1157 2406 Cornelio,
1187 2367 1231 2397 cf.
1253 2369 1335 2403 -1,3,
1358 2368 1407 2398 133.
1504 2366 1556 2398 18,
1586 2376 1628 2395 ex
1655 2376 1704 2397 or.
1734 2376 1764 2405 p.

173 2415 307 2446 Gallio.
403 2416 457 2446 24.
485 2425 518 2455 p.
546 2413 626 2455 Lig,
654 2416 684 2453 3,
713 2414 729 2444 7
759 2416 795 2443 et
821 2415 850 2445 Γ»,
946 2414 999 2443 27.
1028 2412 1074 2442 il».
1103 2415 1134 2451 3,
1162 2415 1192 2443 ’.1.
1282 2414 1323 2442 29
1350 2410 1445 2441 1’1111.
1472 2411 1518 2449 11,
1546 2412 1600 2452 25,
1629 2412 1683 2445 133.

269 2577 276 2605 l
309 2574 519 2605 distinctum
548 2574 585 2604 b:
612 2584 674 2606 om,
700 2573 770 2602 ΒΜ
880 2574 898 2601 2
926 2572 1105 2612 aptiorem
1133 2572 1168 2600 M
1262 2569 1463 2611 postulauit
1488 2571 1507 2600 b
1602 2574 1620 2599 :3
1648 2567 1707 2612 Q.]
1735 2582 1765 2608 «1,

174 2622 209 2660 (ί,
236 2632 263 2652 e.
292 2622 396 2661 quae)
422 2621 443 2650 b
538 2621 556 2649 Γ)
583 2621 750 2660 posceret
775 2618 809 2647 Μ
903 2620 922 2647 «3
949 2617 1080 2648 llenilis
1106 2618 1126 2647 b
1228 2616 1418 2647 laudiceae
1445 2616 1508 2656 Bg,
1538 2615 1720 2645 laodiciae
1746 2617 1766 2645 b

264 2668 281 2697 7
310 2664 561 2706 spectaculum
588 2682 629 2685 ——
657 2663 871 2704 prouinciae
900 2674 958 2695 om.
987 2664 1021 2692 M
1152 2663 1189 2692 11
1219 2662 1311 2692 llaec
1335 2661 1420 2691 BM:
1449 2661 1541 2692 lianc
1565 2662 1585 2690 b
1701 2660 1767 2691 ali<

174 2711 319 2752 qnanlo
347 2713 383 2741 et
406 2711 452 2750 M,
482 2710 592 2751 aliqu.
621 2708 725 2742 inrid,
750 2719 810 2739 om.
829 2709 849 2737 b
945 2707 1201 2749 pronuntiacio
1228 2707 1440 2747 plerumque
1459 2707 1479 2736 b
1575 2708 1614 2735 1:23
1642 2710 1766 2743 gestus

174 2758 208 2787 111
235 2760 292 2787 est
317 2757 447 2787 forleni
476 2755 689 2787 celeritates
716 2757 855 2784 tantnni
883 2754 902 2783 b
1044 2755 1083 2784 14
1110 2752 1299 2783 densanda
1324 2753 1361 2782 b:
1395 2751 1558 2782 des-anda
1583 2751 1653 2780 ΒΜ

178 2804 215 2832 15
242 2802 342 2832 lenes
368 2801 456 2832 BM:
484 2804 520 2831 et
545 2800 646 2831 lenes
671 2801 691 2830 b
788 2800 827 2829 16
855 2799 981 2829 mirum
1008 2801 1045 2830 b:
1075 2808 1257 2830 numerum
1283 2798 1350 2828 BM
1451 2798 1496 2826 17·
1519 2795 1765 2826 (·‹‘›nl‹=ntionis

174 2849 210 2878 b:
239 2847 492 2878 contentiones
517 2847 586 2877 ΒΜ
681 2848 720 2875 19
746 2846 969 2875 intrantes—
986 2843 1433 2875 exeuntes—facillantes
1452 2842 1486 2870 M
1578 2844 1620 2871 20
1647 2852 1687 2871 ex
1716 2842 1767 2871 111-

176 2893 257 2923 cino
283 2894 302 2923 b
397 2896 435 2924 21
466 2896 616 2924 tenerae
643 2892 663 2921 b
757 2892 798 2920 22
825 2889 963 2920 indices
989 2890 1027 2920 B¹
1147 2893 1189 2921 253
1216 2888 1329 2931 pluris
1354 2889 1374 2917 b
1469 2888 1526 2915 est
1553 2898 1593 2916 ex
1623 2890 1765 2916 oratore

177 2940 317 2968 auctior
341 2939 360 2968 b
477 2940 516 2968 ‘'J-1
546 2941 615 2969 iam
643 2948 704 2969 om,
730 2936 764 2965 M
790 2940 822 2966 el
847 2936 924 2965 libri
955 2935 1098 2966 Tulliani
1218 2936 1259 2965 27
1286 2931 1371 2973 iani}
1400 2933 1508 2962 otiam
1538 2932 1660 2971 [femus

177 2982 271 3024 quod
300 3001 336 3005 ——
366 2987 492 3016 11111010
518 2984 538 3013 1)
632 2984 673 3013 28
700 2981 862 3022 parsalia
887 2982 906 3011 b
