1939 3180
139 117 221 159 226
661 122 955 162 QUlNTILlANI
988 121 1106 151 ixs‘r.
1142 121 1216 152 ou.

46 229 322 273 ll8ridicula
354 229 430 270 est.
494 229 595 268 sunt
626 226 697 266 alii
730 225 853 265 multi
886 224 1054 277 diserti,
1092 237 1195 278 quos
1227 221 1423 277 persequi
1454 221 1632 275 longum
1664 222 1740 260 est.

142 312 286 340 eorum
324 311 427 351 quos
471 281 954 337 uiderim⁴D0mitius
995 292 1124 333 Afer
1163 287 1213 332 et>
1243 290 1412 332 Iulius
1452 288 1743 330 Africanus

141 367 268 421 longe
300 363 671 420 praestantissimi.
712 361 937 402 uerborum
969 361 1059 401 arte
1090 359 1162 401 ille
1193 361 1236 400 et
1266 361 1355 399 toto
1387 371 1544 412 genere
1576 355 1742 397 dicendi

142 433 448 489 praeferendus
491 434 532 473 et
572 446 697 487 quem
735 429 780 470 in
818 429 994 470 numero
1032 429 1224 469 ueterum
1264 426 1421 467 habere
1453 440 1537 466 non
1571 425 1743 466 timeas:

142 503 211 544 hic
244 501 515 555 concitatior,
556 499 628 541 sed
669 500 714 540 in
757 512 856 539 cura
895 488 1132 538 uerborum
1159 483 1317 546 nimius
1357 496 1399 535 et
1438 492 1745 548 compositione

142 585 465 625 nonnumquam
495 568 665 623 longior
696 569 738 608 et
771 564 1129 607 translationibus
1167 578 1318 618 parum
1356 562 1560 603 modicus.
1624 562 1748 601 erant

50 640 124 679 119
142 640 257 681 clara
280 642 322 680 et
342 653 479 693 nuper
500 637 691 692 ingenia.
714 650 816 676 nain
839 636 881 675 et
901 632 1194 675 Trachalus
1219 631 1465 686 plerumque
1488 629 1681 671 sublimis
1703 632 1747 669 et

142 708 247 750 satis
280 709 453 763 apertus
484 705 568 747 fuit
600 707 642 746 et
673 718 798 759 quem
830 702 940 744 uelle
971 703 1130 756 optima
1163 700 1367 754 crederes,
1401 699 1571 740 auditus
1602 700 1746 738 tamen

144 776 300 818 maior:
333 790 434 817 nam
458 777 500 816 et
520 773 653 827 uocis,
687 774 893 827 quantam
924 771 969 811 in
992 769 1110 811 nullo
1144 768 1341 824 cognoui,
1374 767 1558 808 felicitas
1582 768 1624 807 et
1654 780 1748 820 pro-

143 845 360 887 nuntiatio
391 844 461 885 uel
492 841 659 884 scaenis
689 841 917 882 suffectura
950 841 993 879 et
1014 838 1153 890 decor,
1187 837 1331 878 omnia
1353 835 1534 890 denique
1557 835 1606 888 ei,
1640 848 1747 889 quae

144 916 244 955 sunt
282 915 422 967 extra,
464 910 789 966 superfuerunt:
831 911 873 949 et
911 907 1103 949 Vibius
1147 905 1367 960 Crispus
1408 904 1665 958 compositus
1705 906 1746 943 et

146 982 355 1023 iucundus
388 983 429 1022 et
461 978 737 1021 delectationi
769 979 919 1030 natus,
959 975 1140 1030 priuatis
1169 976 1316 1015 tamen
1347 973 1484 1014 causis
1515 986 1642 1027 quarn
1674 986 1748 1025 pu-

54 1050 272 1092 120blicis
316 1049 478 1091 melior.
540 1047 678 1089 Iulio
724 1044 987 1098 Secundo,
1034 1044 1069 1084 si
1115 1042 1285 1098 longior
1324 1041 1577 1096 contigisset
1616 1041 1747 1092 aetaS,

148 1119 429 1161 clarissimum
463 1116 656 1172 profecto
688 1129 844 1156 nomen
877 1113 1056 1154 oratoris
1095 1111 1206 1166 apud
1244 1112 1438 1165 posteros
1468 1109 1598 1150 foret:
1640 1107 1749 1148 adie—

149 1190 278 1230 cisset
317 1187 430 1229 enim
470 1187 596 1240 atque
637 1183 849 1225 adiciebat
882 1181 1032 1224 ceteris
1067 1179 1298 1221 uirtutibus
1330 1178 1416 1219 suis
1448 1177 1557 1232 quod
1590 1175 1749 1217 deside·
1787 1184 1801 1207 ἑ·

1765 501 1780 525 5

1770 842 1799 865 lo

148 1258 233 1298 rari
263 1258 419 1311 potest,
452 1255 494 1296 id
518 1256 581 1295 est
603 1255 759 1307 autem,
792 1254 840 1293 ut
862 1253 973 1293 esset
1004 1249 1138 1290 multo
1160 1247 1298 1302 magis
1321 1260 1497 1301 pugnax
1520 1248 1561 1286 et
1583 1244 1751 1299 saepius
1769 1286 1777 1290 ,

54 1327 129 1368 121
151 1326 201 1367 ad
236 1340 379 1367 curam
410 1339 551 1365 rerum
583 1322 635 1363 ab
675 1321 913 1362 elocutione
952 1318 1198 1373 respiceret.
1262 1318 1447 1357 ceterum
1487 1314 1752 1367 interceptus

148 1409 313 1450 quoque
345 1407 550 1448 magnum
583 1390 665 1431 sibi
695 1389 889 1430 uindicat
918 1387 1078 1428 locum:
1116 1401 1164 1427 ea
1197 1387 1261 1426 est
1290 1383 1511 1436 facundia,
1552 1384 1676 1423 tanta
1706 1383 1751 1422 in

148 1462 401 1518 explicando
423 1460 534 1516 quod
555 1459 661 1500 uelit
682 1457 837 1513 gratia,
871 1459 960 1497 tani
994 1455 1218 1496 candidum
1252 1455 1295 1494 ct
1324 1452 1419 1493 lene
1452 1453 1494 1491 et
1516 1450 1752 1505 speciosum

150 1531 321 1573 dicendi
352 1544 501 1586 genus,
533 1529 657 1569 tanta
688 1526 914 1568 uerborum
948 1524 1078 1565 etiam
1117 1536 1224 1578 quae
1257 1520 1482 1575 adsumpta
1522 1520 1621 1560 sunt
1658 1532 1751 1573 pro-

148 1601 327 1655 prietas,
374 1601 499 1641 tanta
545 1598 590 1638 in
633 1595 887 1651 quibusdam
933 1607 982 1633 ex
1028 1591 1216 1646 periculo
1254 1589 1399 1644 petitis
1443 1586 1751 1643 significantia.

54 1672 132 1712 122
149 1669 385 1722 habebunt,
417 1668 489 1722 qui
519 1668 615 1721 post
646 1679 723 1705 nos
746 1663 796 1704 de
819 1661 1058 1704 oratoribus
1091 1659 1294 1712 scribent,
1328 1671 1534 1712 magnam
1565 1670 1650 1709 eos,
1683 1654 1753 1709 qui

150 1753 266 1780 nunc
296 1737 462 1792 uigent,
496 1734 720 1776 materiam
751 1746 849 1773 uere
880 1729 1103 1771 laudandi:
1146 1730 1245 1769 sunt
1278 1727 1391 1767 enim
1423 1740 1587 1766 summa
1618 1723 1753 1776 hodie,

149 1807 301 1862 quibus
332 1805 589 1846 inlustratur
619 1803 780 1853 forum,
812 1798 1003 1854 ingenia.
1065 1811 1249 1851 namque
1283 1797 1325 1836 et
1357 1792 1639 1836 consummati
1669 1791 1755 1831 iam

1772 1528 1804 1551 2³«)
1818 1525 1823 1555 Ῑ

150 1875 322 1930 patroni
353 1873 569 1914 ueteribus
602 1870 870 1912 aemulantur
902 1870 944 1909 et
976 1881 1045 1908 eos
1074 1866 1277 1906 iuuenum
1310 1863 1362 1904 ad
1385 1862 1546 1917 optima
1577 1859 1754 1901 tenden-
1775 1868 1807 1892 2⁵

151 1943 259 1984 tium
290 1942 486 1984 imitatur
517 1955 566 1981 ac
597 1939 788 1994 sequitur
818 1935 1042 1977 industria.

56 2015 134 2055 123
267 2010 506 2065 Supersunt
546 2008 617 2063 qui
657 2007 707 2048 de
754 2003 1025 2061 philosophia
1066 2003 1352 2056 scripserunt,
1395 2014 1475 2054 quo
1514 1998 1559 2038 in
1601 2011 1756 2052 genere

151 2080 428 2135 paucissimos
460 2077 599 2119 adhuc
631 2074 876 2129 e'loquentes
915 2073 1083 2113 litterae
1116 2070 1337 2111 Romanae
1376 2067 1581 2108 tulerunt.
1644 2065 1755 2105 idem

151 2149 285 2204 igitur
327 2147 385 2188 M.
426 2145 656 2198 Tullius,
698 2143 770 2198 qui
809 2142 986 2196 ubique,
1029 2140 1158 2180 etiam
1199 2138 1244 2179 in
1284 2137 1363 2177 hoc
1404 2150 1529 2190 opere
1562 2133 1756 2174 Platonis

153 2217 342 2258 aemulus
382 2215 535 2257 extitit.
599 2212 796 2268 egregius
836 2224 935 2251 uero
974 2207 1192 2261 multoque
1233 2220 1358 2260 quain
1399 2205 1443 2245 in
1491 2201 1791 2243 orationibus3

153 2284 443 2340 praestantior
474 2282 670 2323 Brutus
703 2279 871 2321 suffecit
901 2276 1078 2333 ponderi
1119 2289 1281 2316 rerum:
1323 2273 1433 2314 scias
1473 2286 1565 2312 eum
1598 2268 1757 2310 sentire

60 2357 138 2398 124
155 2368 262 2408 quae
308 2353 425 2394 (licit.
489 2350 661 2404 scripsit
711 2363 798 2390 non
844 2361 994 2402 parum
1039 2344 1174 2385 multa
1222 2340 1503 2384 Cornelius
1551 2338 1756 2389 Celsus,

249 2530 265 2559 1
293 2527 399 2558 multi
424 2538 485 2557 om.
503 2526 537 2555 M
632 2526 650 2554 2
677 2522 838 2554 uiderem
857 2521 910 2560 Bg
930 2522 999 2550 Im.
1100 2518 1178 2549 afer
1205 2520 1241 2547 ct
1258 2517 1343 2546 BM:
1372 2515 1468 2546 feret
1492 2515 1512 2544 b
1606 2514 1625 2543 3
1651 2510 1757 2551 longe

156 2575 225 2612 Bg:
252 2574 313 2605 lon
338 2573 397 2612 Bn,
426 2572 531 2613 longe
560 2569 642 2601 aliis
668 2570 703 2598 M
796 2565 1089 2608 praesentissimi
1116 2565 1136 2594 'n
1231 2562 1423 2593 uerborum
1449 2560 1537 2590 BM:
1565 2569 1625 2589 mn.
1653 2558 1673 2586 b

158 2620 212 2651 illi
236 2621 273 2650 M
364 2620 386 2650 4
410 2621 575 2648 ueterum
602 2615 773 2645 habitare
799 2613 831 2651 b,
857 2622 891 2642 u.
918 2615 1047 2652 putare
1075 2609 1259 2641 [stromber-
1353 2608 1370 2638 7
1397 2615 1478 2636 uam
1497 2605 1582 2634 BM:
1610 2613 1669 2632 om.
1695 2603 1714 2631 b

156 2668 175 2696 9
204 2668 340 2706 quanto
366 2665 401 2693 M
496 2663 535 2693 11
564 2664 666 2692 extra
691 2660 775 2690 BM:
806 2668 848 2688 cx
877 2658 931 2687 ira
955 2658 975 2687 b
1069 2655 1175 2685 uibus
1201 2655 1237 2683 M
1332 2654 1372 2683 15
1397 2650 1593 2682 uiruitibus
1617 2648 1669 2686 Bg

160 2712 199 2741 16
226 2720 373 2752 pugnax
399 2710 443 2739 B:
472 2717 640 2750 pugnans
665 2706 727 2735 Mb
848 2703 885 2734 18
912 2701 1118 2732 uinclicauit
1142 2701 1176 2730 M
1295 2699 1329 2728 iu
1355 2694 1575 2737 explicando
1600 2694 1679 2723 Mb:
1709 2693 1760 2722 iu-

160 2750 330 2797 plicando
355 2756 381 2786 B
493 2755 533 2785 19
558 2752 671 2783 uellet
695 2751 779 2786 Mb⁴
853 2748 933 2779 leuc
960 2748 1039 2786 ΒΜ,
1067 2746 1149 2777 lcuo
1175 2746 1196 2775 b
1297 2743 1495 2784 spetiosum
1521 2740 1574 2777 Bg
1598 2748 1689 2769 corr.
1716 2749 1761 2768 ea:

158 2803 361 2842 spatiosum
455 2801 495 2830 21
524 2800 560 2830 in
587 2796 802 2839 quibusdan]
832 2805 873 2825 ex
901 2793 1066 2835 periculo
1092 2792 1134 2822 B:
1171 2800 1213 2822 cx
1240 2800 1273 2830 q.
1302 2789 1334 2819 in
1363 2799 1395 2829 p,
1423 2788 1454 2825 b,
1485 2787 1567 2816 inex
1595 2795 1626 2824 q.
1654 2784 1689 2814 in
1718 2794 1758 2814 cx

1663 2847 1680 2863 (¹,

161 2904 193 2933 p.
219 2894 254 2922 M
363 2894 405 2922 2²2
431 2890 621 2921 habebant
645 2890 665 2919 b
766 2887 904 2918 scribet
931 2886 950 2914 b
1067 2885 1108 2913 23
1135 2881 1323 2912 materiem
1351 2880 1385 2908 M
1502 2874 1676 2906 laudandi
1701 2875 1761 2913 Bu,

162 2939 343 2968 laudande
370 2938 422 2976 Bg
451 2939 521 2968 Im.
619 2936 712 2965 enim
740 2944 803 2964 om.
829 2932 864 2961 M
973 2931 1013 2960 27
1041 2929 1269 2968 scripserunt
1293 2925 1343 2955 M:
1373 2922 1587 2964 scripserint
1614 2921 1669 2955 Βς

160 2985 198 3015 31
230 2983 386 3024 pondero
412 2983 446 3012 M
541 2991 619 3013 eum
646 2981 731 3010 BM:
761 2988 839 3009 cuni
866 2979 886 3007 b
