1939 3228
641 112 721 142 xn.
771 110 806 155 5,
829 110 859 141 6.
902 111 936 155 6,
964 110 1088 143 1—7.
1129 109 1220 153 7,1.
1641 101 1725 142 335

134 212 262 253 minis
292 211 438 266 facies,
471 212 662 266 plusque,
696 214 731 253 si
763 228 951 268 separes,
983 229 1082 255 usus
1115 214 1205 254 sine
1237 214 1430 254 doctrina
1461 227 1585 268 quam
1618 214 1724 255 citra

134 294 256 320 usum
295 279 489 320 doctrina
526 279 655 321 ualet.
724 281 899 336 ideoque
944 282 1141 323 nonnulli
1188 296 1309 322 senes
1355 282 1401 322 in
1439 281 1584 322 schola
1620 280 1764 323 facti5

136 349 310 401 stupent
339 347 550 400 nouitate,
585 362 679 388 cum
710 349 754 389 in
786 349 942 390 iudicia
972 352 1205 402 uenerunt,
1247 352 1289 390 et
1318 350 1461 390 omnia
1492 350 1577 390 suis
1609 365 1723 390 exer-

137 415 412 456 citationibus
444 415 600 456 similia
631 416 888 458 desiderant.
943 420 986 458 at
1016 418 1103 459 illic
1134 420 1176 458 et
1206 418 1330 458 iudex
1361 420 1477 459 tacet
1507 420 1549 459 et
1579 419 1724 459 aduer-

100 483 270 523 5sarius
303 484 512 537 opstrepit
543 486 586 524 et
614 484 723 525 nihil
760 487 919 526 temere
958 485 1117 526 dictum
1155 486 1287 539 perit,
1328 488 1390 539 et,
1433 486 1467 526 si
1507 485 1604 540 quid
1645 486 1723 526 tibi

134 550 224 604 ipse
256 565 411 604 sumaS,
444 552 710 609 probandum
743 555 826 607 est,
861 556 902 594 et
932 553 1169 594 laboratam
1201 556 1531 608 congestamque
1563 554 1724 594 dierum

136 632 185 658 ac
216 618 404 658 noctium
427 619 565 660 studio
588 621 799 661 actionem
821 635 930 675 aqua
952 620 1109 674 deficit,
1142 622 1183 660 et
1205 621 1360 662 omisso
1381 636 1539 676 magna
1560 636 1725 676 semper

134 685 266 726 flandi
296 687 460 727 tumore
491 687 536 727 in
568 688 818 741 quibusdam
851 689 986 729 causis
1017 688 1273 743 loquendum
1304 691 1389 742 est,
1430 690 1541 743 quod
1570 690 1633 730 illi
1665 691 1723 731 di—

134 753 235 793 serti
266 753 439 795 minime
471 755 625 796 sciunt.
667 756 810 810 itaque
840 756 1068 797 nonnullos
1099 756 1300 811 reperias,
1334 757 1405 811 qui
1427 757 1508 798 sibi
1529 757 1763 812 eloquen-(i

83 838 114 861 10
133 821 262 862 tiores
292 822 538 877 uideantur,
580 838 707 877 quam
737 826 785 864 ut
817 839 965 865 causas
996 827 1143 879 agant.
1205 827 1390 866 ceterum
1420 825 1560 878 illum,
1600 840 1724 879 quem

133 889 329 929 iuuenem
361 891 603 945 tenerisque
635 891 772 933 adhuc
801 892 962 933 uiribus
993 892 1203 933 nitentem
1233 893 1278 933 in
1299 892 1438 934 forum
1460 893 1721 947 deduximus,

136 959 178 997 et
208 957 397 1011 incipere
428 972 453 998 a
484 973 610 1012 quam
642 960 825 1000 maxime
855 960 972 1001 facili
1005 975 1053 1001 ac
1083 960 1310 1001 fauorabili
1343 976 1468 1002 causa
1490 961 1631 1015 uelim,
1664 962 1723 1002 fe-

132 1039 273 1065 rarum
304 1027 353 1065 ut
384 1026 512 1066 catuli
542 1027 733 1069 molliore
772 1028 927 1082 praeda
968 1029 1242 1083 saginantur,
1283 1031 1325 1069 et
1362 1044 1448 1070 non
1486 1030 1630 1084 utique
1670 1030 1723 1071 ab

132 1093 212 1133 hoc
251 1092 374 1134 initio
414 1094 664 1135 continuare
702 1110 874 1149 operam
913 1098 954 1137 et
991 1096 1165 1151 ingenio
1205 1097 1341 1137 adhuc
1380 1097 1530 1138 alendo
1569 1098 1723 1139 callum

82 1176 113 1201 15
132 1160 353 1214 inducere,
393 1162 465 1202 sed
503 1162 589 1203 iam
628 1163 853 1217 scientem,
894 1164 993 1218 quid
1032 1164 1087 1205 sit
1125 1179 1270 1219 pugna
1309 1167 1351 1205 et
1387 1165 1432 1206 in
1471 1180 1598 1220 quam
1635 1181 1723 1206 rem

132 1229 387 1270 studendum
424 1231 500 1284 sit,
542 1231 656 1272 refici
696 1234 822 1286 atque
860 1232 1071 1272 renouari.
1141 1232 1201 1273 sic
1240 1235 1282 1273 et
1319 1233 1506 1274 tirocinii
1545 1231 1759 1288 1116111111,7

132 1297 231 1337 dum
260 1297 427 1338 facilius
459 1300 524 1338 est
554 1299 727 1352 audere,
767 1300 1008 1354 transierit,
1048 1314 1128 1341 nec
1160 1301 1341 1341 audendi
1373 1301 1625 1342 facilitatem
1655 1317 1721 1342 us-

131 1379 211 1419 que
243 1366 295 1406 ad
328 1368 618 1420 contemptum
649 1368 788 1421 operis
820 1368 1054 1409 adduxerit.
1123 1383 1222 1409 usus
1261 1371 1325 1409 est
1355 1370 1435 1410 hac
1466 1369 1630 1410 ratione
1661 1370 1718 1410 M.

131 1433 315 1487 Tullius,
357 1436 398 1474 et
431 1449 525 1475 cum
554 1436 639 1476 iam
673 1436 833 1476 clarum
863 1436 1087 1477 meruisset
1124 1437 1236 1477 inter
1266 1438 1489 1491 patronos,
1529 1439 1599 1492 qui
1630 1440 1720 1478 tum

80 1516 112 1540 20
132 1503 268 1553 erant,
300 1516 470 1556 nomen,
503 1503 549 1543 in
580 1503 727 1544 Asiam
758 1504 985 1559 nauigauit
1015 1518 1141 1558 seque
1173 1507 1215 1545 et
1245 1505 1338 1546 aliis
1369 1505 1461 1546 sine
1492 1506 1618 1546 dubio
1640 1506 1721 1546 610-

131 1570 331 1624 quentiae
363 1585 413 1611 ac
444 1570 680 1625 sapientiae
712 1572 944 1626 magistris,
976 1573 1047 1612 sed
1079 1572 1305 1627 praecipue
1326 1575 1470 1614 tamen
1493 1573 1721 1628 Apollonio

130 1638 305 1692 Moloni,
339 1653 464 1692 quem
484 1638 646 1680 Romae
677 1654 841 1694 quoque
872 1640 1076 1695 audierat,
1107 1640 1246 1681 Rhodi
1278 1655 1421 1682 rursus
1451 1641 1720 1682 formandum

131 1721 180 1747 ac
211 1706 327 1747 uelut
356 1707 668 1761 recoquendum
700 1707 827 1748 dedit.
869 1710 960 1749 tum
991 1708 1169 1763 dignum
1201 1723 1353 1763 operae
1382 1710 1564 1764 pretium
1585 1710 1718 1764 uenit,

133 1789 227 1815 cum
257 1774 370 1815 inter
400 1789 443 1816 se
476 1782 717 1830 congruunt
747 1779 976 1830 praecepta
1008 1779 1050 1818 et
1081 1777 1383 1831 experimenta.

79 1856 111 1879 εὖ
245 1842 342 1883 VII.
405 1842 510 1884 Cum
541 1844 644 1884 satis
675 1844 720 1884 in
752 1858 876 1885 omne
909 1847 1121 1885 certamen
1150 1845 1305 1886 uirium
1328 1845 1488 1899 fecerit,
1523 1846 1660 1899 prima
1683 1847 1720 1886 61

132 1924 231 1950 cura
262 1910 306 1950 in
338 1911 619 1965 suscipiendis
652 1912 787 1953 causis
820 1913 920 1954 erit:
953 1913 998 1953 in
1021 1913 1170 1967 quibus
1192 1913 1417 1954 defendere
1439 1914 1606 1967 quidem
1629 1929 1720 1955 reos

130 1978 320 2031 profecto
352 1993 478 2032 quam
509 1980 649 2020 facere
687 1980 753 2020 uir
792 1980 927 2021 bonus
965 1981 1116 2035 malet,
1157 1995 1244 2021 non
1281 1983 1426 2022 tamen
1464 1982 1525 2022 ita
1564 1996 1718 2023 nomen

130 2046 269 2099 ipsum
301 2048 559 2088 accusatoris
589 2047 791 2102 horrebit,
824 2052 871 2089 ut
901 2049 1018 2089 nullo
1039 2064 1175 2102 neque
1197 2049 1367 2103 publico
1395 2064 1531 2103 neque
1552 2050 1720 2104 priuato

131 2113 226 2154 duci
257 2115 391 2168 possit
421 2115 576 2168 officio,
611 2119 658 2156 ut
689 2116 869 2169 aliquem
902 2117 954 2157 ad
986 2117 1244 2157 reddendam
1274 2117 1483 2158 rationem
1514 2118 1628 2158 uitae
1650 2133 1718 2158 110-

79 2197 111 2220 30
132 2184 211 2222 cet.
279 2197 380 2223 nam
412 2186 453 2224 61
483 2183 598 2237 leges
630 2184 747 2238 ipsae
778 2184 885 2225 nihil
917 2185 1091 2225 ualeant
1126 2185 1209 2225 nisi
1249 2186 1403 2226 actoris
1434 2186 1586 2226 idonea
1618 2200 1719 2226 11066

130 2250 335 2303 munitae,
369 2253 411 2291 et
442 2251 477 2291 si
508 2265 666 2304 poenas
698 2252 903 2293 scelerum
935 2255 1131 2306 expetere
1162 2252 1228 2293 fas
1259 2267 1345 2293 11011
1377 2255 1461 2307 631,
1495 2268 1625 2307 prope
1657 2256 1720 2293 est

131 2320 179 2357 ut
209 2318 369 2358 scelera
389 2319 481 2372 ipsa
502 2320 710 2373 permissa
731 2321 832 2373 sint,
866 2324 908 2361 et
928 2320 1146 2361 licentiam
1168 2321 1291 2361 malis
1313 2321 1402 2362 dari
1436 2323 1548 2362 certe
1572 2324 1719 2361 contra

226 2492 240 2520 1
269 2491 348 2521 sine
375 2501 436 2522 om.
464 2491 485 2521 b
578 2493 597 2522 2
623 2502 725 2523 usum
751 2491 941 2524 doctrinae
968 2494 989 2523 b
1081 2492 1208 2524 ualeat
1232 2493 1281 2523 Bn
1307 2496 1338 2523 et
1366 2495 1438 2525 Im.
1466 2495 1518 2533 Bg
1610 2495 1629 2525 5
1656 2495 1716 2524 ab·

131 2535 262 2576 strepit
287 2536 308 2566 b
401 2537 420 2566 6
446 2536 524 2577 ipse
550 2537 636 2567 BM:
662 2548 723 2570 om.
749 2538 811 2568 FT
927 2540 944 2570 7
971 2537 1097 2569 deficit
1121 2539 1160 2569 b:
1186 2538 1326 2569 defecit
1350 2539 1418 2568 ΒΜ
1527 2539 1565 2569 11
1593 2539 1671 2570 soro
1697 2541 1718 2569 b

226 2582 266 2611 1²2
293 2592 314 2611 a
339 2582 487 2612 additam
513 2583 546 2612 in
572 2584 624 2613 ed.
655 2582 782 2624 Gryplz.
894 2583 1052 2614 faborali
1079 2584 1099 2613 b
1220 2586 1257 2615 13
1282 2584 1501 2624 saginantur
1525 2585 1607 2615 Mb:
1635 2594 1716 2615 sau-

132 2627 331 2667 guinantur
356 2627 382 2656 B
477 2628 517 2657 15
544 2627 605 2658 sed
634 2629 744 2658 etiam
770 2629 791 2658 b
884 2629 971 2669 quid
997 2630 1045 2660 sit
1070 2630 1141 2659 iam
1170 2639 1290 2669 pugna
1315 2630 1347 2667 b,
1375 2640 1499 2670 pugna
1526 2631 1585 2670 qui
1612 2629 1659 2660 sit
1683 2631 1717 2659 M

225 2674 264 2703 1ss
289 2672 518 2703 metuendum
545 2673 590 2711 M,
619 2676 749 2703 metam
771 2673 916 2705 Obrecht
1013 2676 1050 2706 IS
1078 2677 1132 2704 ost
1156 2675 1194 2704 b:
1224 2677 1259 2704 ct
1277 2675 1347 2704 ΒΜ
1442 2677 1482 2706 19
1509 2677 1605 2705 inter
1629 2685 1717 2716 pau-

133 2727 193 2747 603
219 2718 254 2746 Μ
369 2719 411 2749 22
438 2718 573 2749 Rornae
599 2718 637 2748 b:
663 2729 725 2752 om,
751 2719 821 2749 ΒΜ
915 2729 1017 2750 rusus
1043 2721 1063 2750 b
1158 2719 1427 2750 reformandum
1452 2721 1487 2749 Μ
1595 2722 1637 2751 ‘23
1664 2731 1716 2750 re-

133 2762 384 2803 quoquendum
409 2764 434 2793 B
573 2764 615 2794 25
642 2761 746 2804 Cum]
780 2766 985 2804 praenn'ssns
1011 2770 1060 2795 est
1085 2766 1117 2795 in
1144 2765 1213 2794 BM
1239 2766 1371 2795 titulus:
1414 2766 1516 2805 Quae
1544 2766 1578 2796 in
1606 2765 1717 2796 susci-

133 2807 274 2847 piendis
301 2809 425 2839 causis
451 2809 588 2839 oratori
615 2809 844 2840 obseruanda
870 2810 943 2840 sint
970 2809 1070 2849 (sunt
1095 2811 1141 2845 M>
1283 2821 1311 2841 3.
1338 2811 1373 2840 111
1401 2820 1504 2841 0111116
1531 2815 1717 2842 certamen

131 2853 176 2882 B:
203 2853 311 2884 satiri
335 2864 439 2884 omne
467 2854 665 2886 certamine
690 2854 723 2893 b,
751 2855 844 2885 satis
870 2855 905 2885 in
932 2865 1070 2886 omnem
1097 2857 1132 2885 Μ
1235 2857 1278 2886 26
1305 2856 1374 2886 erit
1398 2866 1458 2886 om.
1486 2857 1520 2885 M
1612 2866 1670 2887 res
1696 2857 1716 2886 b

222 2900 263 2929 ‘27
290 2899 419 2930 mallet
443 2900 477 2929 M
570 2901 612 2930 ‘28
639 2900 887 2931 accusationis
911 2901 937 2930 B
1052 2903 1095 2932 :30
1120 2901 1246 2932 ualent
1271 2902 1323 2933 ed.
1353 2901 1465 2942 (lamp.
1560 2902 1716 2933 accioris

132 2944 164 2981 b,
192 2945 352 2975 auctoris
375 2945 445 2975 ΒΜ
542 2946 575 2976 31
608 2947 644 2975 61
668 2946 746 2987 sipe
772 2945 950 2977 scelerum
976 2947 986 2977 1
