1939 3228
98 872 130 896 10

99 1210 130 1233 15

102 2225 134 2249 30

851 139 870 167 2³,
905 138 966 168 172
981 154 1027 158 —
1045 137 1122 169 183.
1648 125 1729 167 313

760 141 818 172 xi.
875 163 884 183 ‚

148 248 237 287 arte
270 260 359 286 esse
390 259 527 299 neque
558 246 696 285 totum
728 246 817 283 arte
849 242 961 283 tradi
991 244 1145 296 potest.
1198 241 1243 281 in
1274 240 1525 294 quibusdam
1556 237 1830 280 1111111105178

146 328 233 354 non
263 313 429 370 habent·
445 312 643 366 gratiam,
677 311 721 351 in
743 310 993 364 quibusdam
1014 309 1120 350 uitia
1142 310 1234 362 ipsa
1256 308 1483 348 delectant.
1528 307 1733 347 maximos

148 383 311 422 actores
344 379 665 432 comoediarum,
699 378 961 419 Demetrium
995 380 1036 418 et
1068 376 1325 429 Stratoclea,
1358 375 1525 429 placere
1556 374 1733 415 diuersis

148 449 379 490 uirtutibus
410 448 607 489 uidimus,
670 446 743 487 sed
773 446 876 487 illud
907 445 1047 486 minus
1078 445 1251 497 mirum,
1284 443 1392 497 quod
1426 442 1533 483 alter
1563 442 1660 483 deos
1693 444 1734 483 et

148 517 322 557 iuuenes
363 518 404 557 et
435 516 566 557 bonos
598 517 740 570 patres
773 528 998 568 seruosque
1031 515 1073 554 et
1109 513 1325 552 matronas
1364 513 1406 551 et
1444 525 1596 565 graues
1629 524 1733 550 anus

149 585 320 638 optime,
356 583 463 625 alter
494 597 610 624 acres
642 597 785 636 senes,
820 581 991 623 callidos
1024 594 1186 633 seruos,
1221 579 1453 633 parasitos,
1486 578 1660 619 lenones
1693 580 1734 618 et

148 653 291 693 omnia
323 651 553 706 agitatiora
583 651 747 692 melius.
816 650 900 690 fuit
938 649 1050 689 enim
1088 650 1243 688 natura
1283 647 1469 687 diuersa:
1515 660 1615 686 nam
1653 660 1734 686 uox

148 734 311 775 quoque
343 719 534 760 Demetri
566 718 802 771 iucundior,
835 717 948 758 illius
980 716 1117 757 acrior
1148 717 1252 756 erat.
1296 713 1565 754 adnotandae
1596 712 1733 767 magis
1758 717 1834 757 179

148 788 451 842 proprietates,
500 801 606 841 quae
647 785 870 827 transferri
912 799 998 825 non
1037 785 1254 838 poterant,
1301 796 1451 822 manus
1490 782 1649 822 iactare
1695 782 1736 821 et

150 856 291 897 dulces
323 854 652 896 exclamationes
684 848 841 894 theatri
874 867 1000 894 causa
1022 851 1253 906 producere
1276 852 1318 890 et
1338 849 1615 904 ingrediendo
1636 864 1735 890 uen-

147 925 238 964 tum
271 923 490 977 concipere
522 924 637 963 ueste
670 924 711 962 et
740 935 1061 975 nonnumquam
1093 920 1239 969 dextro
1260 917 1392 958 latere
1413 916 1553 958 facere
1575 918 1734 972 gestUS,

148 991 258 1045 quod
288 990 503 1031 neminem
542 990 672 1031 alium
710 990 793 1030 nisi
824 988 1088 1029 Demetrium
1127 986 1268 1027 decuit
1309 985 1511 1040 (namque
1550 985 1593 1025 in
1631 985 1736 1026 haec

148 1059 290 1100 onmia
321 1061 485 1100 statura
517 1061 559 1099 et
587 1058 695 1098 mira
726 1057 865 1111 specie
897 1055 1218 1109 adiuuabatui·)2
1251 1053 1369 1094 illum
1401 1067 1544 1094 cursus
1577 1055 1618 1093 et
1647 1053 1733 1108 agi·
1758 1056 1835 1097 180

150 1127 248 1168 litas
282 1129 323 1168 et
353 1127 420 1167 uel
451 1141 600 1181 parum
635 1125 893 1166 conueniens
925 1137 1129 1177 personae
1151 1123 1272 1175 risus,
1306 1135 1430 1175 quem
1453 1135 1539 1161 non
1561 1121 1736 1175 ignarus

149 1195 328 1236 rationis
360 1194 516 1249 populo
549 1194 700 1247 dabat,
745 1195 786 1234 et
827 1195 1046 1233 contracta
1078 1191 1205 1232 etiarn
1245 1189 1467 1230 ceruicula.
1536 1189 1736 1243 quidquid

150 1263 301 1304 horum
343 1262 450 1304 alter
488 1263 682 1315 fecisset,
731 1261 1020 1302 foedissimum
1065 1259 1291 1300 uideretur.
1360 1271 1489 1311 quare
1535 1257 1649 1297 norit
1693 1271 1737 1298 se

153 1331 349 1386 quisque,
388 1345 468 1371 nec
506 1332 675 1371 tantum
714 1344 763 1370 ex
802 1327 1093 1370 communibus
1126 1325 1385 1380 praeceptis,
1427 1325 1497 1366 sed
1530 1325 1657 1365 etiam
1689 1339 1737 1365 ex

151 1402 305 1440 natura
345 1413 419 1439 sua
459 1398 600 1452 capiat
643 1397 863 1438 consilium
908 1395 1158 1436 formandae
1198 1394 1392 1434 actionis.
1462 1407 1595 1447 neque
1634 1392 1736 1432 illud
1759 1396 1833 1437 181

150 1470 294 1508 tamen
326 1469 390 1508 est
420 1466 554 1519 nefas,
588 1468 635 1506 ut
667 1465 849 1519 aliquem
879 1463 947 1504 uel
979 1463 1120 1503 omnia
1142 1462 1209 1502 uel
1231 1461 1352 1515 plura
1375 1461 1565 1502 deceant.
1614 1459 1738 1501 huius

99 1548 113 1571 2
150 1550 313 1590 quoque
344 1534 425 1576 loci
458 1533 645 1575 clausula
676 1533 732 1574 s‘it
763 1532 908 1573 eaden]
940 1545 1111 1572 necesse
1144 1532 1218 1582 est,
1251 1543 1357 1583 quae
1390 1530 1623 1569 ceterorum
1662 1530 1737 1582 est,

150 1618 330 1658 regnare
362 1603 543 1643 maxime
566 1601 755 1642 modum:
788 1615 874 1641 non
897 1599 1009 1641 enim
1032 1597 1274 1639 comoedum
1298 1611 1401 1650 esse,
1435 1596 1507 1637 sed
1529 1595 1738 1637 oratoiem

150 1672 258 1712 11010.
321 1685 450 1725 quare
480 1684 615 1724 neque
646 1669 686 1710 111
721 1671 846 1723 gestu
876 1680 1175 1722 persequemur
1206 1666 1341 1705 omnis
1373 1665 1561 1719 argutias
1594 1664 1738 1705 necin

152 1739 359 1792 loquendo
391 1737 752 1790 distinctionibus,
785 1735 1067 1790 temporibus,
1101 1733 1412 1774 adfectionibus
1443 1732 1619 1773 moleste
1651 1734 1737 1773 ute—

150 1821 256 1847 mur.
319 1808 366 1846 ut
397 1806 432 1847 si
464 1806 520 1846 sit
550 1806 595 1846 in
627 1819 781 1846 scaena
813 1803 1055 1844 dicendum:
1760 1816 1838 1856 132

208 1874 337 1922 Quid
368 1875 540 1928 igitur
570 1872 798 1913 faciam?
830 1886 933 1911 non
969 1886 1073 1911 eam
1105 1884 1164 1911 ne
1196 1884 1330 1910 nunc
1363 1869 1590 1923 quidem,

209 1957 316 1983 cum
349 1956 587 1983 arcessor
611 1939 788 1981 ultro?
821 1954 882 1980 an
915 1939 1090 1992 potius
1122 1938 1196 1978 ita
1229 1952 1301 1978 me
1335 1951 1646 1990 comparem,

208 2024 309 2050 non
340 2009 548 2063 perpeti
579 2007 915 2048 meretricum
950 2005 1329 2047 contumelias?

151 2077 221 2118 hic
253 2078 365 2118 enim
388 2076 665 2118 dubitationis
688 2089 840 2127 moras,
874 2075 988 2114 uocis
1010 2074 1157 2127 flexus,
1192 2074 1330 2113 uarias
1353 2087 1518 2125 manus,
1552 2072 1754 2120 diuersos

151 2148 277 2186 nutus
309 2148 426 2186 actor
458 2144 687 2185 adhibebit.
751 2142 861 2182 aliud
894 2142 1028 2182 oratio
1060 2142 1169 2195 sapit
1201 2156 1280 2181 nec
1319 2141 1411 2181 uult
1440 2140 1617 2180 nimium
1651 2155 1739 2180 esse

154 2214 343 2254 condita:
385 2213 551 2254 actione
585 2211 697 2252 enim
732 2213 921 2264 constat,
962 2224 1048 2250 non
1079 2209 1330 2249 imitatione.
1393 2222 1521 2262 quare
1560 2221 1646 2247 non
1678 2205 1838 2247 iii-183

153 2281 303 2322 merito
346 2280 616 2334 reprenditur
662 2278 955 2333 pronuntiatio
1000 2277 1193 2318 uultuosa
1249 2280 1290 2317 et
1345 2275 1740 2330 gesticulationibus

244 2386 296 2418 25.
324 2385 405 2417 Ter.
432 2385 523 2416 Eun.
550 2384 575 2422 I,
608 2385 633 2422 l,
663 2384 692 2413 1.

247 2476 265 2505 2
292 2474 495 2505 delectatur
520 2475 540 2504 b
656 2474 676 2503 4
703 2473 919 2504 uidissemus
944 2473 965 2502 b
1065 2471 1153 2502 illud
1180 2473 1230 2502 M:
1259 2471 1359 2502 illum
1386 2471 1411 2500 B
1523 2472 1539 2501 7
1568 2470 1636 2501 snit
1663 2470 1738 2501 cdd.

154 2525 234 2552 vett.
262 2521 310 2551 sit
327 2519 396 2550 ΒΜ
488 2520 508 2550 8
535 2518 765 2549 adnotandae
784 2516 867 2549 BM:
896 2517 1129 2549 adnotandae
1150 2517 1343 2548 memoriae
1369 2517 1389 2546 b
1415 2518 1590 2554 uzaniscsto
1614 2517 1742 2554 [slva-se-

153 2570 249 2601 mate,
277 2566 363 2596 mide
390 2569 498 2595 lamen
519 2564 699 2595 Gernlmrd
724 2563 844 2594 adnot.
874 2563 1046 2593 memoria
1143 2564 1182 2593 10
1208 2562 1242 2592 in
1271 2561 1490 2603 egrediendo
1510 2562 1530 2591 b
1626 2563 1658 2590 11
1691 2560 1741 2590 la-

154 2611 223 2642 teri
243 2611 266 2644 f.
288 2613 413 2651 gustus
432 2610 452 2640 b
548 2610 586 2639 12
613 2609 683 2639 nisi
701 2610 722 2639 2
741 2610 838 2640 codd.
864 2608 1040 2639 Voss-iani:
1067 2618 1126 2638 om.
1147 2608 1227 2647 BM,
1255 2610 1402 2648 praeter
1427 2607 1502 2639 edd,
1523 2611 1601 2636 nell.
1629 2605 1738 2635 alium

154 2660 193 2686 ut
218 2657 304 2687 coni.
331 2655 510 2696 *S'Jmldinffi
536 2656 609 2695 ipse
634 2655 739 2685 malim
765 2663 856 2685 nem.
885 2653 1001 2690 magis
1028 2663 1134 2694 quam
1277 2654 1314 2683 13
1347 2652 1468 2682 omnia
1494 2651 1598 2691 quasi
1624 2655 1741 2681 astra-

155 2706 236 2732 tura
261 2702 282 2731 b
377 2700 562 2731 adiuuitur
587 2700 606 2729 b
703 2701 742 2729 14
769 2700 862 2730 risus
887 2699 972 2728 BM:
1001 2708 1081 2729 reus
1109 2699 1129 2728 b
1231 2699 1270 2728 19
1298 2697 1400 2738 plura
1426 2697 1510 2726 BM:
1538 2696 1694 2737 plurima
1720 2704 1739 2729 ς

244 2748 286 2778 20
312 2749 396 2777 sunt
419 2746 439 2776 b
534 2749 723 2775 necessest
741 2745 766 2774 B
862 2748 1064 2774 ceterorum
1084 2744 1135 2782 Bg
1160 2754 1248 2774 corr.
1277 2753 1321 2773 ca·
1347 2746 1508 2773 cetorum
1602 2742 1640 2772 21
1670 2751 1739 2771 non

155 2792 247 2823 enim
276 2803 336 2824 um.
362 2792 382 2821 b
477 2792 517 2820 ⁵22
545 2799 660 2831 neque
686 2800 746 2819 om.
774 2790 793 2819 b
885 2790 928 2820 23
954 2789 1175 2829 temporibus
1201 2799 1260 2819 om.
1288 2789 1308 2818 b
1402 2786 1672 2817 adfectionibus
1696 2786 1739 2816 B:

156 2836 348 2868 affectibus
373 2837 418 2874 M,
446 2846 505 2866 om.
532 2836 564 2874 b,
593 2834 838 2865 effictionibns
864 2834 997 2873 Bestius.
1026 2835 1097 2874 ips-{¹
1124 2834 1231 2863 malim
1259 2831 1569 2863 adfectationibus
1675 2841 1740 2871 pu-

154 2886 270 2913 temur
296 2883 316 2911 b
409 2882 451 2912 25
478 2881 538 2920 qui
565 2880 697 2910 (licitur
715 2881 735 2910 b
829 2881 870 2911 26
898 2889 1000 2909 arces
1018 2880 1037 2909 b
1131 2879 1173 2908 ²28
1200 2876 1307 2919 enim]
1337 2880 1353 2909 ζ·
1377 2878 1396 2907 b
1490 2876 1740 2907 dubitationes

155 2928 232 2963 ΒΜ,
261 2926 491 2958 dubitatione
517 2927 549 2964 b,
577 2936 634 2956 em.
662 2925 792 2956 thrlz'zcs
908 2924 1013 2954 uaria
1040 2925 1059 2954 b
1174 2925 1216 2954 ⁶29
1242 2927 1350 2954 natus
1376 2923 1412 2962 b,
1445 2922 1567 2953 iniciis
1591 2922 1626 2951 M

156 2974 197 3003 30
224 2982 335 3012 quare
360 2972 438 3001 Mb:
467 2981 600 3012 equare
626 2971 651 3001 B
768 2972 805 3001 31
834 2969 1083 3011 pronuntiatio
1110 2980 1170 3000 om,
1196 2970 1230 2998 M
1340 2970 1375 2999 ct
1402 2967 1571 2999 uultuosa
1595 2969 1654 2999 FT
1678 2968 1743 2997 ,wli
