1939 3228
639 143 717 172 v11.
758 140 792 185 4,
816 140 986 173 38—44.
1029 141 1062 187 5,
1088 141 1216 174 1—4.
1666 136 1717 176 41

139 242 422 283 coniecturam
466 257 630 297 quoque
675 244 819 286 eadem
868 245 1027 298 species
1066 246 1204 300 cadet,
1259 261 1374 300 cum,
1425 250 1629 302 perpetuo
1669 263 1722 289 an

130 308 441 364 *quinquennali
463 310 519 351 sit
539 311 663 352 exilio
683 311 940 365 multandus,
973 313 1016 353 in
1047 314 1378 365 controuersiam
1408 316 1591 356 uenerit:
1623 331 1722 356 nam

137 391 189 417 an
219 377 404 430 prudens
437 378 605 419 caedem
638 379 895 420 commiserit
925 380 1153 433 quaeritur.
1214 381 1287 422 illa
1318 397 1501 437 quoque,
1536 398 1641 438 quae
1673 399 1722 425 ex
1736 384 1792 424 44

134 458 309 485 numero
340 444 529 498 ducitur,
554 446 714 500 pendet
734 461 784 487 ex
805 447 894 487 iure
927 450 1007 487 ‘an
1028 447 1292 502 Thrasybulo
1323 450 1504 504 triginta
1534 452 1721 505 praemia

100 522 116 548 5
135 511 405 565 debeantur’,
447 515 489 553 et
525 516 643 554 ecum
674 513 898 571 duogfsures
929 515 1151 568 pecuniam
1190 516 1462 571 abstulerint,
1494 519 1722 572 separatim

135 579 414 633 quadruplum
446 580 621 635 quisque
653 596 708 621 an
730 581 903 636 duplum
934 582 1128 623 debeat’.
1164 584 1235 624 sed
1266 583 1334 625 hic
1365 599 1528 639 quoque
1559 586 1721 627 factum

134 646 381 688 aestimatur
411 650 453 688 et
484 646 626 689 tamen
658 649 721 690 ius
751 650 890 704 ipsum
919 650 1076 704 pendet
1107 664 1155 691 ex
1187 652 1404 705 qualitate.

244 714 297 755 V.
349 714 428 764 Qui
465 729 600 770 neque
637 717 788 758 fecisse
826 732 870 758 se
914 718 1091 772 negabit
1127 732 1263 773 neque
1302 719 1414 761 aliud
1455 736 1562 774 esse,
1613 723 1729 777 quod,

131 781 300 835 fecerit,
341 783 452 824 dicet
489 793 625 837 neque
668 784 830 825 factum
868 785 1087 839 defendet,
1127 801 1299 827 necesse
1339 790 1402 828 est
1439 789 1482 829 in
1522 804 1596 830 suo
1631 790 1720 831 iure

83 860 114 885 10
134 850 357 904 consistat,
404 850 449 891 in
487 865 568 905 (1110
605 852 850 906 plerumque
896 853 1129 894 actionis
1177 856 1241 895 est
1278 856 1482 909 quaestio.
1545 872 1594 898 ea
1633 858 1759 899 110112

131 931 316 971 semper,
356 919 402 959 ut
439 918 609 972 quidam
647 921 925 974 putauerunt,
958 921 1160 962 iudicium
1191 923 1416 976 antecedit,
1450 925 1588 979 qualia
1621 928 1721 967 sunt

130 987 374 1038 praetorum
405 986 568 1027 curiosa
607 987 803 1042 consilia,
845 1003 940 1030 cum
960 989 1020 1030 »(10
1058 989 1148 1030 iure
1181 991 1438 1032 accusatoris
1471 993 1716 1048 ambigitur,

131 1052 203 1093 sed
232 1053 277 1093 in
307 1053 409 1107 ipsis
440 1053 604 1095 iudiciis
634 1055 976 1109 frequentissime
1014 1059 1221 1098 uersatur.
1284 1061 1347 1099 est
1385 1062 1526 1100 autem
1566 1061 1719 1116 duplex

131 1119 217 1160 eius
255 1120 574 1175 disceptationis
615 1123 803 1164 condicio
814 1157 824 1177 ,
867 1125 975 1178 quod
1007 1127 1080 1166 aut
1118 1125 1301 1167 intentio
1332 1130 1405 1167 aut
1440 1129 1718 1184 praescriptio

80 1198 111 1223 15
129 1187 256 1229 habet
287 1189 633 1231 controuersiam.
673 1205 721 1231 ac
752 1190 925 1232 fuerunt
946 1193 1016 1246 qui
1047 1193 1395 1248 praescriptionis
1417 1197 1575 1236 statum
1607 1197 1717 1238 face-

129 1257 238 1309 rent,
271 1258 488 1311 tamquam
519 1272 567 1298 ea
589 1272 675 1298 non
706 1259 838 1299 isdem
860 1260 1054 1301 omnibus
1077 1261 1227 1315 quibus
1253 1264 1416 1303 ceterae
1447 1263 1563 1318 leges
1595 1280 1717 1320 quae-

129 1323 336 1365 stionibus
386 1325 686 1367 contineretur.
749 1341 843 1367 cum
882 1341 931 1368 ex
976 1329 1312 1383 praescriptione
1351 1331 1401 1371 lis
1439 1332 1614 1386 pendet,
1667 1333 1756 1375 de3

127 1391 219 1446 ipsa
249 1406 293 1433 re
324 1393 468 1447 quaeri
505 1407 592 1434 non
623 1396 687 1434 est
725 1409 909 1436 necesse.
970 1396 1256 1451 ignominioso
1293 1397 1404 1439 filius
1442 1401 1716 1453 praescribit:

128 1459 178 1500 de
209 1474 255 1500 eo
287 1461 374 1501 solo
404 1461 604 1502 iudicatio
644 1464 727 1515 est,
769 1477 824 1503 an
854 1463 995 1504 liceat.
1058 1464 1250 1518 quotiens
1287 1468 1431 1507 tamen
1468 1468 1714 1523 poterimus,

78 1536 109 1561 20
129 1527 398 1568 efficiendum
437 1531 500 1569 est
536 1531 584 1569 ut
614 1529 663 1570 de
696 1545 740 1571 re
779 1545 941 1585 quoque
978 1531 1102 1572 iudex
1142 1532 1249 1573 bene
1287 1534 1464 1576 sentiat:
1505 1536 1564 1577 sic
1604 1537 1716 1577 enim

127 1595 208 1635 iuri
245 1597 389 1637 nostro
433 1596 634 1638 libentius
678 1597 939 1652 indulgebit,
989 1601 1036 1640 ut
1073 1600 1118 1640 in
1157 1601 1474 1657 sponsionibus,
1523 1619 1628 1658 quae
1667 1620 1716 1646 ex

125 1662 364 1704 interdictis
385 1663 506 1717 fiunt,
539 1665 705 1705 etiamsi
725 1680 809 1706 non
833 1667 1114 1720 proprietatis
1129 1670 1191 1708 est
1219 1670 1421 1723 quaestio,
1455 1671 1526 1711 scd
1547 1674 1715 1713 tantum

125 1731 414 1785 possessionis,
444 1733 589 1773 tamen
618 1747 705 1773 non
736 1733 869 1774 solum
890 1735 1125 1788 possedisse
1156 1750 1247 1790 nos,
1281 1737 1353 1778 sed
1375 1738 1502 1779 etiam
1523 1742 1714 1781 nostrum

126 1798 358 1851 possedisse
390 1799 538 1841 docere
568 1800 792 1854 oportebit.
854 1802 925 1843 sed
963 1802 1228 1856 frequentius
1260 1805 1386 1845 etiam
1418 1807 1633 1859 quaeritur
1664 1806 1753 1849 (104

76 1872 108 1895 25
125 1865 384 1908 intentione:
416 1867 503 1908 ‘uir
532 1867 654 1909 fortis
686 1871 803 1922 optet
834 1870 943 1923 quod
973 1870 1125 1912 uolet'.
1168 1886 1278 1926 nego
1300 1873 1363 1914 illi
1392 1873 1575 1915 dandum
1597 1876 1713 1929 quid-

1761 1938 1780 1946 x

215 1971 231 2000 1
260 1971 367 2002 cadet
390 1972 425 2000 M
450 1976 485 2002 ut
508 1972 593 2005 coni.
620 1972 804 2014 Spaldinfs:
832 1973 931 2004 cadit
953 1974 1047 2004 AGS
1141 1986 1186 2006 an
1212 1977 1327 2007 GMS:
1358 1980 1419 2007 aut
1444 1978 1472 2008 A
1565 1980 1584 2009 2
1612 1980 1712 2019 (111111-

126 2014 322 2055 quennali*
338 2017 377 2056 A,
406 2017 686 2057 quinquennalis
705 2018 731 2048 G
825 2019 925 2049 uenit
949 2021 1022 2053 cod.
1046 2020 1214 2052 Gotlzarms
1308 2024 1326 2052 2
1353 2033 1433 2053 nam
1461 2034 1505 2054 an
1526 2024 1712 2065 Spalding:

126 2069 207 2090 nam
233 2061 297 2100 GS‚
324 2071 407 2091 num
433 2062 468 2091 M
493 2065 525 2093 et
550 2072 639 2094 corr.
659 2063 689 2100 S,
717 2073 763 2093 an
781 2063 809 2093 A
834 2075 873 2094 m.
890 2066 909 2094 2
936 2065 969 2095 z'n
992 2075 1063 2097 ras.
1091 2065 1187 2101 (nam
1215 2067 1371 2107 prudens
1399 2078 1465 2098 1100
1492 2079 1535 2099 110
1563 2070 1711 2101 caedem

125 2106 191 2135 alia
204 2104 322 2145 Spald.
342 2107 441 2143 coni.)
512 2109 531 2138 3
558 2108 799 2139 commisserit
815 2109 844 2138 A
914 2109 978 2140 illa
994 2110 1033 2149 A,
1052 2110 1116 2141 illo
1134 2112 1161 2141 G
1253 2114 1272 2142 *i
1291 2113 1517 2152 '1⁸111·21sy};›1110
1537 2116 1612 2145 edd.
1634 2119 1713 2147 zieel.

125 2150 275 2182 transilo
289 2151 364 2192 AG,
385 2151 551 2183 transilio
565 2153 610 2192 M,
632 2153 758 2184 trasilo
778 2154 796 2183 S
867 2157 885 2185 5
912 2154 1090 2186 debeatur
1107 2154 1256 2187 A¹GMS
1328 2158 1394 2189 (luo
1413 2159 1463 2189 M:
1487 2159 1574 2190 duos
1590 2160 1628 2195 A,
1648 2159 1712 2191 dus

125 2195 178 2224 GS
277 2198 459 2237 separatim
484 2198 523 2236 A,
552 2198 725 2238 separtim
752 2199 778 2228 G
805 2198 857 2238 (se
884 2199 1104 2231 abstulerint
1130 2202 1263 2241 partim
1288 2202 1337 2242 M)
1453 2204 1472 2234 8
1500 2203 1586 2245 Qui]
1610 2216 1712 2245 prae-

123 2240 238 2270 missus
263 2245 313 2272 est
338 2242 369 2272 in
395 2251 415 2271 a
440 2242 554 2273 [illilus
579 2241 634 2274 De
661 2243 858 2274 iuridiciali
885 2244 1075 2284 qualitate,
1103 2247 1134 2276 in
1160 2247 1195 2275 Μ
1220 2247 1275 2278 De
1301 2246 1465 2279 finitione
1559 2251 1710 2290 negauit

123 2283 270 2315 A¹GMS
389 2288 428 2317 10
455 2290 509 2318 cst
536 2297 604 2328 que
632 2289 799 2328 quaestio
826 2289 878 2318 GS
985 2300 1028 2320 ea
1054 2300 1125 2321 non
1152 2301 1294 2333 semper
1318 2293 1346 2322 A
1372 2297 1404 2323 ul
1431 2295 1516 2324 coni.
1545 2295 1712 2336 Spalding]

125 2328 201 2368 (sed
223 2340 288 2371 per
311 2331 339 2360 A
363 2331 397 2362 in
421 2342 491 2363 ras.
519 2343 557 2366 m.
574 2335 630 2372 2).·
665 2336 704 2363 ta
729 2343 799 2364 non
825 2344 967 2374 semper
994 2338 1047 2365 est
1073 2336 1115 2371 G,
1151 2336 1276 2367 eadem
1304 2347 1373 2368 non
1400 2348 1542 2379 semper
1569 2342 1624 2370 est
1649 2341 1711 2369 MS

214 2376 253 2406 12
279 2378 449 2416 praetorii
475 2377 504 2406 A
529 2375 568 2417 (Jfi
595 2379 627 2408 in
652 2376 756 2419 ra.5·.):
785 2382 952 2420 praetore
980 2380 1017 2417 G,
1046 2383 1189 2420 preture
1216 2382 1278 2411 MS
1387 2392 1516 2414 eurosa
1541 2384 1620 2414 A'G

127 2420 164 2450 13
190 2420 253 2450 sed
278 2420 314 2451 in
340 2421 362 2453 i.
388 2421 410 2452 i.
439 2421 529 2462 freq.
557 2426 723 2454 uersatur
747 2433 784 2454 a:
813 2427 847 2454 et
873 2424 909 2454 in
934 2424 1024 2465 ipsis
1052 2425 1345 2466 frequentissime
1372 2427 1517 2459 iudiciis
1544 2432 1712 2460 uersatur

123 2463 197 2503 MS,
225 2468 261 2495 et
286 2465 322 2495 in
348 2466 371 2496 i.
397 2466 693 2506 frequentissime
721 2468 865 2499 iudiciis
886 2469 1178 2510 frequentissime
1198 2475 1366 2503 uersatus
1384 2473 1410 2502 G
1436 2472 1600 2510 (similiter
1623 2474 1713 2505 hand

124 2508 218 2540 dubie
243 2510 281 2547 A,
307 2514 341 2541 nt
367 2521 412 2542 eo:
436 2522 578 2543 rasurae
603 2515 714 2553 spatio
739 2516 892 2545 conicere
918 2513 1009 2556 licet)
1104 2518 1224 2546 autem
1251 2516 1435 2558 Spaldingy:
1463 2518 1554 2548 enim
1575 2519 1709 2549 AGMS

125 2552 167 2590 (G
187 2564 253 2594 per
277 2557 503 2596 compendium
521 2557 565 2593 H,
593 2559 682 2597 quod
704 2560 896 2590 simillimum
923 2564 973 2591 est
997 2562 1192 2601 compendio
1218 2572 1281 2601 pro
1308 2565 1441 2601 autem,
1469 2574 1537 2593 eum
1564 2575 1628 2594 nna
1652 2565 1707 2594 lit-

124 2601 198 2629 tera
220 2599 394 2641 scribitur)
490 2603 529 2633 15
556 2602 703 2633 fuerunt
728 2604 827 2634 AMS
853 2603 933 2644 (unt
956 2605 984 2635 A
1010 2607 1042 2636 in
1068 2606 1172 2645 7·us.):
1203 2606 1337 2637 fuerint
1361 2608 1388 2636 G
1482 2608 1521 2639 17
1548 2609 1709 2640 contine-

124 2644 219 2674 retur
244 2645 315 2675 GS:
344 2646 549 2678 continetur
574 2648 621 2687 M,
649 2649 881 2679 contineatur
904 2650 933 2679 A
957 2651 1019 2681 sed
1043 2653 1123 2681 atur
1148 2652 1179 2681 in
1204 2662 1275 2683 ras.
1384 2661 1460 2682 eum
1486 2673 1527 2676 *γ
1554 2653 1596 2684 lis
1622 2655 1651 2684 A
1676 2656 1707 2685 in

123 2697 190 2718 ras.
216 2699 256 2721 m.
273 2691 292 2719 2
392 2691 548 2732 pendeat
573 2693 608 2722 M
725 2694 764 2724 18
791 2704 827 2725 re
855 2695 982 2734 quaeri
1008 2696 1085 2726 edd.
1112 2700 1190 2726 nell.
1218 2696 1351 2736 requiri
1377 2697 1512 2727 AGMS
1607 2699 1708 2739 igno-

125 2731 273 2765 minioso
298 2737 392 2775 patri
419 2736 540 2776 Hessius
657 2738 874 2777 praescribit
898 2740 969 2769 AM
995 2740 1072 2777 (secl
1096 2751 1182 2781 prae
1208 2741 1237 2770 A
1262 2742 1293 2772 in
1319 2746 1426 2782 mis).-
1454 2742 1629 2774 describit
1655 2745 1708 2774 Gs

212 2779 252 2809 19
278 2779 353 2810 solo
380 2781 521 2819 Reqzts:
548 2781 624 2813 loco
650 2783 787 2823 GMSa,
816 2783 893 2814 eolo
918 2785 947 2814 A
972 2790 1006 2815 ul
1031 2786 1163 2816 uirlelter‘
1256 2787 1297 2816 ΞΟ
1324 2786 1366 2816 dc
1393 2797 1452 2818 reo
1470 2788 1505 2817 M
1598 2788 1706 2820 index

123 2820 200 2851 AG:
226 2833 286 2856 om.
312 2825 373 2854 MS
399 2830 430 2857 et
455 2828 527 2859 rell.
555 2829 625 2859 noti
731 2829 770 2858 21
799 2831 838 2859 ut
864 2839 924 2860 om.
950 2830 1022 2867 MS,
1051 2834 1088 2860 ut
1113 2831 1148 2860 in
1174 2831 1469 2870 possessionibus
1495 2833 1617 2874 Regius

122 2865 162 2894 2'2
189 2869 243 2897 set
268 2866 348 2909 (bis)
372 2868 413 2899 A¹
531 2873 572 2903 ‘23
599 2882 663 2903 nos
691 2890 729 2894 —
757 2872 886 2904 docere
913 2884 973 2905 om.
999 2875 1034 2903 M
1156 2878 1359 2907 nostrorum
1386 2877 1438 2906 GS
1576 2880 1618 2909 24
1645 2878 1705 2909 (lo-

123 2917 202 2985 εἷΐθ
226 2921 264 2944 a:
297 2922 357 2945 om.
384 2915 534 2955 AGMS;
568 2927 609 2947 (ιη
635 2918 807 2949 intercidit
831 2917 1007 2959 probare?
1152 2921 1193 2951 ‘25
1226 2921 1398 2962 quicquid
1429 2924 1611 2963 optauerit
1636 2934 1705 2955 non

125 2963 145 2984 a
173 2963 212 2986 eo
237 2957 263 2986 G
