1939 3180
126 93 209 133 418

129 206 321 240 subtilitas
348 206 399 247 (in
425 203 596 245 dicendo)
620 203 795 236 Romanis
820 202 914 235 diffi-

174 252 314 285 cillima
336 252 450 292 10‚5‚2

126 299 262 331 Subura
280 297 457 339 quomodo
475 296 594 328 tribus
613 295 749 328 litteris
766 297 916 327 notetur

172 344 287 384 1‚7‚29

126 399 361 422 successores
381 387 581 420 Alexandri
600 388 739 428 12,10,6
798 417 801 425 ,

126 435 315 467 sudarium
335 435 493 474 11‚3‚148

127 480 289 513 Sufenas
310 480 423 519 1,5‚62

125 526 318 568 suggestio
336 525 454 565 9‚2‚15

126 571 230 604 Sulla
248 572 383 611 3,8,53;
403 571 543 611 5,10‚30
560 569 908 611 et71311,1,12;1e-

171 628 236 660 ges
256 617 334 649 eius
354 618 510 655 11‚1,85;
530 616 647 648 Sullae
667 617 782 658 1,4‚·25

123 664 294 696 sullaturit
311 663 446 703 8,3,32;
465 662 580 702 S,6‚32

125 708 343 751 Sulpiciana
361 707 495 740 seditio
514 708 630 748 6‚3,75

127 754 313 796 Sulpicius
332 752 462 786 Gallus
483 755 637 794 1‚1o‚47;
657 754 774 794 2,15,8

124 800 309 842 Sulpicius
329 798 478 831 Seruius
496 800 587 840 3‚8‚5

126 848 245 888 sulpur·
264 846 379 885 1‚6‚22

122 891 368 924 suouetaurilia
387 891 501 931 1‚5,67

127 937 328 980 supercilia
347 936 385 967 in
405 937 553 968 actione
574 936 730 978 11‚3,78;
757 936 850 968 uitia
875 936 913 967 in

176 984 222 1015 iis
242 983 555 1022 1,11,10;11,3,79

127 1029 354 1071 superiectio
373 1027 451 1060 ueri
470 1038 497 1059 s.
517 1027 720 1070 hyperbole
738 1028 856 1068 8,6,67

126 1074 329 1117 superlatio
346 1075 523 1115 12,10,62;
543 1084 570 1105 s.
589 1073 761 1106 ueritatis
776 1074 912 1114 9,1,29;

125 1122 468 1244 sugiz’iffscriptores
494 1165 534 1205 (i.
564 1176 594 1200 e.
613 1165 836 1207 schleppend)
860 1167 910 1206 10,

124 1258 311 1300 supinitas
337 1257 455 1289 omnis
479 1257 517 1288 in
543 1257 690 1289 actione
710 1256 839 1289 odiosa
859 1260 914 1289 est

174 1304 332 1344 11‚3‚122

126 1349 313 1391 supplosio
333 1348 435 1391 pedis
456 1349 595 1390 10,7,26

126 1396 351 1427 sustentatio
370 1396 486 1435 9233

126 1440 321 1482 Sybaritae
341 1441 459 1481 3,7,24

130 1486 299 1528 syllabae
344 1485 522 1527 quomodo
557 1487 682 1528 pueris
716 1485 914 1518 discendae

178 1533 252 1564 sint
272 1533 386 1572 1‚1,26
397 1534 574 1574 et30sqq.
592 1531 762 1573 syllabae
782 1541 913 1574 aspere

174 1581 352 1611 coeuntes
371 1579 502 1619 1,1.37;
531 1588 558 1610 s.
585 1578 622 1609 in
647 1577 668 1609 b
694 1577 858 1609 litteram
877 1581 914 1609 et

171 1624 192 1655 d
211 1634 342 1666 aspere
362 1623 572 1655 innituntur
585 1625 762 1664 12,10,3·2;
782 1623 914 1655 ultima

172 1669 319 1710 syllaba
344 1680 411 1702 nec
436 1673 548 1701 acuta
572 1679 746 1710 umquam
777 1669 914 1700 excita-

172 1719 231 1747 tur
264 1726 334 1747 nec
358 1716 454 1747 flexa
485 1715 776 1747 circumducitur
801 1716 912 1754 1-2,10,

174 1763 235 1802 33,
270 1761 316 1793 cf.
344 1762 457 1803 1‚5‚22
473 1771 552 1802 sqq.
588 1760 758 1802 syllabae
792 1760 914 1801 longis

173 1806 362 1848 longiores
382 1810 418 1838 et
434 1806 610 1838 breuibus
624 1806 814 1839 breuiores
830 1808 915 1838 sunt

172 1854 305 1893 9,-1-,84;
332 1863 361 1885 s.
389 1862 600 1884 communes
626 1853 663 1884 in
686 1852 856 1884 uersibus
879 1853 912 1890 9,

171 1900 267 1938 4‚84;
287 1909 314 1930 s.
335 1901 469 1930 natura
482 1899 630 1935 breuem,
651 1898 715 1930 sed
730 1898 913 1940 positione

176 1943 310 1985 longae
346 1945 478 1983 9‚4‚85;
513 1944 648 1986 optime
682 1944 859 1986 incipitur
894 1955 915 1975 a

172 1988 292 2031 longis
311 1999 338 2021 s.
359 1991 492 2030 9‚4‚9·2;
513 2000 540 2023 S.
561 1990 684 2021 breuis
704 1990 741 2021 in
760 1989 830 2022 fine
849 2000 913 2031 pro

175 2035 288 2077 longa
308 2036 492 2077 accipitur
509 2036 626 2075 9,4‚93

128 2080 366 2123 syllogismus
377 2082 509 2122 5‚10‚6;
526 2082 663 2115 5,14‚14
680 2084 715 2112 et
729 2082 833 2123 24sq,
855 2091 914 2112 en-

175 2126 361 2168 thymema
387 2127 465 2158 siue
491 2137 520 2159 s.
540 2127 721 2158 oratorius
742 2126 915 2167 (rhetori—

174 2173 252 2211 cus)
272 2173 426 2213 1‚10‚38;
446 2173 602 2214 5‚14‚24;
623 2174 759 2214 9‚4‚57;
788 2183 815 2206 S.
836 2172 915 2204 rhe—

174 2219 314 2250 toricus
344 2219 421 2250 siue
454 2218 697 2260 imperfectus
720 2220 855 2259 5‚10‚3;
887 2230 915 2250 s.

176 2267 212 2295 et
237 2263 470 2305 enthymema
488 2265 716 2306 5,14‚24sqq.
742 2264 915 2306 syllogis-

174 2309 241 2341 mis
283 2310 463 2350 quomodo
505 2315 720 2342 occurratur
759 2312 913 2351 5,14‚‘20;

173 2355 408 2396 syllogismus
428 2366 456 2387 s.
484 2358 601 2388 status
628 2356 916 2388 ratiocinatiuus

173 2402 289 2442 3,6‚15
299 2411 354 2442 sq.
371 2402 490 2440 43.88;
512 2403 602 2442 7,8,1
613 2411 693 2443 sqq.
710 2403 914 2444 7,lO‚1sqq.

175 2456 244 2488 quo
275 2446 423 2479 differat
454 2458 475 2479 a
505 2447 671 2480 finitione
698 2449 829 2488 7‚3,11,
866 2448 913 2479 cf.

177 2493 266 2532 7‚8,1

129 2537 383 2580 syllogisticus
402 2542 522 2571 status
541 2539 656 2579 5‚10,6

128 2582 387 2625 ευμβεβηκότα
406 2585 539 2626 3,6,36;
565 2583 660 2617 κατὰ
685 2583 914 2626 (υμβεβηκόε

175 2630 289 2670 3,6,56

129 2674 315 2715 (ύμβολον
335 2676 451 2716 1‚6‚28

130 2718 331 2762 (υναίρεειε
351 2722 463 2762 1,5,17

130 2765 337 2808 (υναλοιφή
358 2768 492 2807 1,5,17;
511 2768 629 2809 9,4,36
646 2770 682 2800 et
697 2768 760 2800 109

130 2811 395 2853 ευναθροιεμόε
412 2814 527 2854 8,4,27

131 2857 330 2898 (ύνδεεμοε
350 2859 463 2899 1,4,18

132 2902 287 2943 ευνὲχον
301 2905 415 2943 3,11,1
435 2907 470 2936 et
484 2906 503 2936 9

132 2948 363 2990 synecdoche
374 2951 487 2991 8,6‚19
499 2951 826 2993 sqq.9,1‚5;9,3‚58
836 2961 914 2994 sqq.

859 98 1007 128 INDEX

952 200 1202 236 (υνοικείωειε
1220 205 1339 244 9,3,64

951 246 1166 289 (υνωνυμία
1183 250 1315 290 8,3,16;
1335 246 1456 291 9,3,45’

951 294 1147 336 ευντελικὴ
1167 293 1287 328 (τάειε
1306 297 1421 336 9‚6‚47

950 339 1136 381 εύντομοε
1155 341 1335 384 expositio
1353 343 1470 382 4‚2‚42

951 390 1187 426 syntonorum
1208 387 1304 419 modi
1321 388 1461 427 9,4,142

951 432 1159 472 Syracusae
1180 433 1316 471 1‚10‚48

950 476 1177 524 Syracusani
1194 478 1311 518 5‚11·‚7

949 522 1099 556 tabulae
1118 523 1227 563 5‚1,2;
1247 525 1337 565 5,5,1
1349 534 1402 566 sq.

949 570 1065 610 talpae
1083 570 1188 601 oculis
1205 571 1300 611 eapti
1315 571 1409 611 9,3,6

948 612 1174 647 ταπείνωσις
1193 616 1309 656 8,3,48

949 660 1146 692 Tarentini
1164 661 1319 693 iuuenes
1337 663 1454 702 6‚3‚10

950 707 1115 737 Tarento
1135 706 1240 738 lanas
1260 706 1419 740 euehere
1437 718 1510 740 non
1528 708 1634 741 licuit
1644 710 1737 750 7,8,4

949 752 1223 783 Tarsumennus
1242 752 1347 784 lacus
1367 754 1479 793 1‚5‚13

951 802 1068 829 tam-us
1085 797 1329 840 homonymon
1347 800 1463 838 8‚2,13

949 841 1178 883 ταυτολογία
1196 845 1329 886 4‚2‚43;
1348 846 1469 888 8‚3‚50

951 889 1115 921 technici
1133 890 1272 930 2,13‚15

951 938 1090 966 tectum
1111 946 1173 976 pro
1192 935 1296 969 domo
1315 937 1432 977 8,6‚‘20

950 979 1133 1022 τεκμήρια
1151 983 1241 1017 5‚9,3

956 1026 1090 1059 Telamo
1109 1029 1226 1067 1‚5,60

950 1071 1060 1105 τέλος
1080 1083 1108 1105 s.
1128 1073 1294 1106 ultimum
1313 1074 1522 1107 rhetoricae
1542 1077 1682 1115 2,15‚38

952 1133 1095 1170 tempus
1114 1130 1251 1172 duplici
1268 1130 1543 1173 significatione
1555 1133 1670 1173 3‚6,‘25
1681 1143 1734 1174 sq.

996 1176 1135 1216 5‚10,42
1145 1186 1222 1218 sqq.
1243 1180 1388 1219 tempus
1408 1181 1446 1209 et
1463 1180 1631 1220 tempora
1645 1179 1735 1219 5,10,

996 1223 1057 1260 433
1082 1224 1106 1255 t.
1133 1222 1332 1254 secundum
1355 1222 1413 1263 (=
1431 1233 1610 1264 praesens
1635 1234 1662 1256 s.
1683 1224 1737 1255 in-

996 1266 1114 1306 stans)
1139 1269 1295 1309 5,10‚46;
1329 1270 1464 1310 7‚2‚46;
1500 1272 1526 1301 t.
1558 1270 1755 1311 iunctum,-

997 1312 1221 1353 adhaerens,
1256 1314 1455 1356 insequens
1480 1316 1635 1355 5‚10,46;
1667 1318 1736 1356 73,

995 1360 1056 1398 46;
1084 1361 1230 1400 tempus
1254 1370 1325 1401 quo
1351 1362 1431 1402 quis
1450 1360 1552 1393 dicat
1572 1364 1657 1403 eget
1675 1362 1735 1393 ob-

995 1404 1207 1436 seruatione
1228 1406 1378 1448 propria
1397 1408 1549 1447 11,1,46;
1571 1411 1737 1448 tempora

996 1451 1033 1481 in
1063 1460 1294 1482 numerorum
1325 1452 1468 1484 ratione
1494 1453 1738 1491 o,4.47.51.81.

995 1497 1038 1527 84
1049 1505 1127 1538 sqq.
1146 1495 1268 1529 latens
1288 1499 1577 1539 te1npus9‚4,98;
1597 1501 1736 1540 tempo-

997 1542 1097 1573 ribus
1117 1544 1154 1573 et
1173 1543 1324 1575 auribus
1344 1543 1483 1586 aliquid
1502 1544 1661 1576 dandum
1681 1548 1737 1576 est

997 1588 1034 1619 in
1065 1590 1145 1619 arte
1178 1588 1327 1620 (licendi
1359 1590 1533 1629 12,10,45:
1570 1593 1737 1632 tempora

998 1633 1176 1675 quomodo
1207 1635 1407 1667 tractanda
1441 1636 1515 1667 sint
1549 1637 1587 1667 in
1621 1646 1737 1668 causa

997 1679 1240 1711 coniecturali
1260 1682 1373 1722 7‚‘2,46

952 1739 1100 1768 tenores
1120 1737 1232 1777 1,5‚2·2

954 1794 1055 1825 Terei
1070 1793 1298 1835 bissylabum
1319 1796 1434 1835 1‚5,24

951 1851 1201 1883 Terentianus
1219 1854 1324 1893 pater
1346 1853 1480 1893 11‚1,39

949 1909 1249 1940 Terraconenses
1268 1910 1383 1949 6‚3,77

951 1957 1197 1995 testamenta,
1230 1955 1266 1985 in
1291 1955 1424 1996 quibus
1449 1956 1492 1988 de
1518 1955 1597 1989 sola
1622 1957 1737 1999 quali—

996 2003 1075 2033 tate
1094 2000 1217 2041 agitur
1235 2002 1350 2042 7,4‚39

951 2046 1106 2079 testatio
1125 2047 1239 2087 5,7,32

953 2106 1067 2135 testes
1091 2104 1201 2144 5‚1,2;
1234 2114 1359 2135 eorum
1386 2104 1454 2137 duo
1479 2115 1618 2147 genera
1643 2106 1735 2146 5‚7,9

999 2158 1077 2190 sqq.
1104 2153 1127 2182 t.
1153 2148 1355 2181 uoluntarii
1374 2150 1422 2181 ib.
1445 2152 1485 2183 10
1501 2161 1580 2192 sqq.
1606 2152 1736 2192 quibus

999 2194 1242 2227 denuntiatur
1260 2195 1308 2227 ib.
1329 2197 1348 2235 ξ
1366 2197 1386 2228 9
1406 2199 1442 2228 et
1462 2197 1502 2228 15
1521 2206 1599 2238 sqq.
1620 2200 1736 2230 testes

999 2244 1035 2272 et
1058 2244 1280 2282 argumenta
1304 2243 1438 2282 5‚7‚33;
1469 2245 1584 2274 testes
1613 2244 1737 2274 utrim-

1000 2287 1128 2328 queib.
1142 2288 1230 2328 §343
1250 2288 1358 2319 testis
1377 2291 1462 2330 post
1479 2287 1606 2320 finitas
1623 2289 1738 2321 actio-

999 2343 1064 2364 nes
1100 2333 1403 2375 interrogabatur
1436 2335 1568 2374 5,7,25;
1602 2337 1738 2367 testem

1000 2379 1242 2410 subornatum
1261 2379 1299 2410 in
1318 2379 1500 2412 subsellia
1527 2379 1737 2413 aduersarii

998 2424 1146 2456 mittere
1165 2425 1282 2466 5,7‚32

952 2481 1101 2513 testium
1120 2482 1366 2522 interrogatio
1382 2483 1498 2522 5‚7,10
1508 2493 1583 2525 sqq.
1603 2484 1736 2524 5‚11‚5;

998 2527 1036 2558 in
1055 2537 1168 2559 causa
1186 2528 1319 2568 5‚7,27,
1347 2531 1452 2561 extra
1479 2539 1631 2561 causam
1649 2529 1698 2562 ib.
1717 2530 1736 2569 ξ

998 2575 1058 2609 30;
1089 2576 1114 2606 t.
1134 2575 1158 2605 i.
1179 2574 1448 2616 circumspecta
1473 2584 1554 2607 esse
1574 2574 1687 2607 debet
1704 2578 1735 2616 5,

998 2620 1075 2659 7,31

951 2676 1169 2708 testimonia
1193 2687 1259 2718 per
1282 2676 1431 2709 tabulas
1449 2678 1540 2719 5‚7‚1
1552 2687 1607 2719 sq.
1631 2688 1735 2720 prae-

997 2722 1154 2753 sentium
1179 2724 1274 2764 5‚7‚3
1290 2732 1367 2765 sqq.
1403 2726 1427 2757 t.
1452 2723 1577 2755 diuina
1602 2724 1735 2763 5‚7‚35;

984 2769 1153 2807 ‚5,11‚4‘2;
1186 2778 1229 2799 ex
1252 2767 1408 2800 historia
1433 2772 1579 2810 sumpta
1598 2771 1736 2811 10‚1,34

951 2811 1177 2854 τετράεημοι
1194 2814 1455 2856 percussiones
1473 2815 1585 2855 9,4,51

952 2858 1201 2891 tetrastichon
1221 2870 1367 2892 carmen
1385 2861 1501 2900 6,3,96

953 2908 1077 2936 textus
1096 2903 1320 2946 (uerborum)
1341 2907 1455 2944 9‚4,13

953 2950 1103 2982 Thebae
1123 2951 1302 2991 5,107111;
1324 2951 1483 2992 11‚3,168
