1955 3228
805 115 871 145 111.
905 112 938 154 6,
971 110 1139 144 18—-28,
1696 96 1774 137 135

176 223 393 280 quaeritur
425 225 501 263 ‘an
534 221 635 262 sit’:
674 218 1016 274 qualitatem,
1057 215 1175 257 cuius
1207 215 1379 269 apertus
1411 211 1656 253 intellectus
1688 212 1772 251 est:

176 290 562 348 quantitatem,
593 302 701 343 quae
732 285 959 340 dupliciter
988 299 1012 325 a
1033 282 1338 338 posterioribus
1370 280 1507 322 diuisa
1538 281 1614 333 est,
1647 293 1774 333 quam

177 374 383 415 magnum
422 360 465 399 et
503 371 628 412 quam
666 355 847 396 multum
887 353 964 394 sit:
1013 352 1071 393 ad
1110 349 1336 405 aliquid,
1383 349 1494 390 unde
1535 348 1663 389 dueta
1711 348 1776 388 est

177 426 403 470 translatio
446 428 488 467 et
530 423 810 478 comparatio:
852 423 950 476 post
990 420 1096 461 haec
1137 418 1224 460 ubi
1263 420 1306 459 et
1348 415 1576 472 quando:
1625 414 1776 456 deinde
1790 413 1844 453 24

144 512 160 537 5
178 498 380 548 facere,
411 494 547 549 pati,
580 492 795 545 habere,
829 490 939 545 quod
970 490 1033 529 est
1063 487 1182 542 quasi
1205 487 1416 527 armatum
1437 498 1541 538 esse,
1575 483 1777 524 uestitum

180 579 291 607 esse:
323 562 553 604 nouissime
584 564 752 613 κεῑεθαι,
791 559 902 614 quod
933 559 996 598 est
1028 554 1380 609 compositum
1411 566 1527 593 esse
1558 551 1776 606 quodam

180 632 344 686 modo,
375 633 424 672 ut
452 631 603 683 iacere,
636 628 793 670 sedere,
845 626 919 667 sed
950 639 999 666 ex
1032 625 1084 665 iis
1115 622 1312 664 omnibus
1343 620 1481 675 prima
1503 622 1704 674 quattuor
1725 618 1778 659 ad

181 703 316 744 status
347 699 574 755 pertinere,
617 700 757 739 cetera
788 695 840 736 ad
871 693 1075 749 quosdam
1106 692 1219 732 locos
1251 690 1603 744 argumentorum
1633 687 1778 728 uiden—

181 772 262 811 tur.
322 768 393 809 alii
430 780 585 808 nouem
623 765 833 806 elementa
873 762 1126 817 posueruut:
1174 771 1471 813 personam,
1521 756 1567 796 in
1607 770 1707 810 qua¹
1729 755 1779 795 de
1792 753 1847 794 :25

84 860 87 863 ·
132 853 162 877 10
182 838 338 891 animo,
373 849 560 889 corpore,
594 835 712 874 extra
742 831 893 887 positis
924 831 1172 884 quaeratur,
1212 826 1322 882 quod
1353 825 1567 880 pertinere
1599 823 1650 864 ad
1683 837 1778 864 con-

181 906 368 947 iecturae
400 905 441 945 et
472 901 689 957 qualitatis
721 900 1009 941 instrumenta
1040 896 1184 938 uideo:
1216 897 1449 947 tempus,
1482 892 1595 947 quod
1616 891 1778 944 χρόνον

182 975 352 1026 uocant,
395 986 444 1012 ex
476 985 558 1025 quo
589 969 794 1024 quaestio,
837 983 894 1008 an
924 967 974 1020 is,
1016 979 1154 1020 quem,
1196 964 1295 1004 dum
1327 960 1495 1002 addicta
1527 962 1603 1014 est,
1642 961 1780 1000 mater

182 1041 361 1096 peperit,
395 1053 540 1081 seruus
572 1038 628 1078 sit
657 1039 803 1078 natus:
835 1037 1027 1088 locum,
1061 1033 1172 1074 unde
1196 1029 1488 1073 controuersia
1509 1027 1690 1081 uidetur,
1724 1042 1779 1068 an

182 1112 247 1151 fas
277 1108 407 1150 fuerit
437 1110 670 1162 tyrannum
701 1105 746 1146 in
777 1103 936 1158 templo
968 1101 1172 1154 occidere,
1207 1115 1263 1140 an
1295 1097 1530 1140 exulauerit
1561 1095 1632 1151 qui
1665 1095 1777 1136 domi

133 1194 163 1217 15
182 1177 329 1219 latuit:
361 1179 567 1230 tempus
598 1173 766 1226 iterum,
800 1171 911 1227 quod
943 1171 1087 1222 καιρόν
1120 1167 1359 1223 appellant:
1400 1165 1513 1206 hanc
1544 1165 1687 1205 autem
1717 1163 1780 1204 ui-
1794 1162 1849 1201 2ss

183 1246 272 1288 deri
313 1244 461 1286 uolunt
497 1243 681 1298 speciem
721 1241 835 1282 illius
874 1239 1102 1293 temporis,
1146 1238 1192 1277 ut
1233 1237 1438 1276 aestatem
1476 1233 1544 1274 uel
1583 1231 1780 1279 hiemem,

183 1314 281 1356 huic
303 1313 510 1355 subicitur
530 1311 601 1352 ille
623 1311 668 1351 in
690 1308 936 1364 pestilentia
959 1307 1204 1348 comisator:
1237 1305 1411 1344 actum
1422 1336 1433 1355 ,
1464 1302 1507 1342 id
1529 1302 1593 1342 est
1614 1303 1778 1352 πρᾶξιν,

183 1382 293 1438 quod
324 1396 372 1423 eo
403 1380 607 1433 referunt,
641 1379 779 1419 sciens
811 1375 1071 1418 commiserit
1103 1388 1158 1414 an
1189 1372 1395 1425 insciens,
1438 1369 1694 1411 necessitate
1726 1383 1781 1408 an

186 1466 298 1504 casu,
331 1452 375 1491 et
403 1448 528 1490 talia:
561 1460 852 1498 numerum,
886 1443 956 1498 qui
989 1443 1101 1484 cadit
1132 1442 1177 1482 in
1208 1440 1393 1495 speciem
1424 1436 1693 1493 quantitatis,
1727 1451 1781 1476 an

135 1539 167 1563 20
186 1517 450 1572 Thrasybulo
481 1515 662 1571 triginta
693 1512 884 1568 praemia
914 1511 1161 1564 debeantur,
1193 1508 1291 1564 quia
1321 1510 1386 1549 tot
1416 1509 1624 1561 tyrannos
1647 1506 1780 1546 sustu—

186 1587 302 1628 lerit:
345 1599 573 1637 causam,
617 1583 682 1624 cui
723 1581 930 1636 plurimae
969 1579 1193 1620 subiacent
1230 1577 1349 1630 lites,
1388 1574 1583 1629 quotiens
1620 1573 1782 1614 factum
1795 1570 1848 1611 27

187 1670 273 1696 non
305 1655 501 1708 negatur,
533 1652 605 1693 sed
637 1651 735 1705 quia
766 1650 878 1690 iusta
907 1648 1073 1689 ratione
1106 1647 1161 1687 sit
1181 1646 1357 1697 factum,
1390 1642 1653 1684 defenditur:
1684 1641 1781 1692 τρό-

187 1738 296 1775 πον,
338 1737 432 1763 cum
461 1721 524 1773 id,
564 1719 673 1774 quod
713 1718 795 1759 alio
827 1717 950 1759 modo
992 1716 1083 1756 fieri
1121 1714 1242 1767 licet,
1285 1711 1366 1753 alio
1406 1711 1560 1752 dicitur
1597 1710 1782 1751 factum:

187 1791 286 1832 hinc
319 1792 384 1831 est
415 1788 580 1830 adulter
617 1787 717 1828 loris
760 1800 905 1828 caesus
948 1785 1014 1826 uel
1053 1784 1165 1824 fame
1206 1783 1402 1822 necatus:
1443 1778 1782 1820 occasionem

137 1878 169 1902 25
187 1861 477 1911 factorum,
511 1855 621 1911 quod
654 1857 716 1896 est
749 1854 950 1909 apertius,
982 1867 1107 1908 quam
1139 1853 1187 1892 ut
1217 1849 1280 1890 uel
1314 1846 1683 1902 interpretandum
1716 1845 1783 1886 uel

188 1927 379 1981 exemplo
411 1926 466 1966 sit
498 1922 888 1975 demonstrandum,
919 1924 1067 1962 tamen
1098 1919 1299 1973 ἀφορμὰς
1330 1918 1472 1969 ἔργων
1506 1916 1675 1956 uocant.
1739 1913 1781 1954 hi
1797 1912 1850 1952 28

187 2008 351 2050 quoque
381 1994 543 2035 nullam
574 1992 865 2047 quaestionem
905 1992 1023 2030 extra
1062 1987 1167 2028 haec
1207 1988 1375 2040 putant.
1437 1983 1607 2038 quidam
1646 1982 1781 2023 detra-

124 2067 128 2069 ’
188 2064 298 2105 hunt
327 2063 431 2104 duas
462 2062 608 2117 partis,
640 2074 862 2101 numerum
895 2061 935 2098 et
967 2056 1244 2108 occasionem,
1277 2056 1319 2095 et
1349 2067 1425 2108 pro
1445 2051 1533 2105 illo,
1567 2051 1675 2105 quod
1697 2050 1782 2091 dixi

1815 2052 1834 2062 x

189 2134 343 2185 actum,
376 2130 591 2172 subiciunt
621 2143 722 2181 res,
755 2127 797 2168 id
829 2128 893 2168 est
924 2126 1161 2177 πράγματα.
1214 2137 1321 2177 quac
1353 2137 1406 2162 ne
1437 2119 1691 2175 praeterisse
1724 2119 1781 2159 ui-

137 2218 171 2243 30
190 2200 321 2252 deror,
353 2198 456 2239 satis
487 2197 617 2239 habui
651 2196 877 2250 attingere.
922 2196 1107 2235 ceterum
1129 2192 1194 2233 his
1216 2203 1293 2232 nec
1326 2191 1462 2231 status
1493 2188 1594 2230 satis
1616 2186 1782 2228 ostendi

281 2316 334 2346 20.
363 2325 404 2345 ex
430 2314 651 2355 Polycrate?
678 2314 724 2346 cf.
753 2311 886 2353 Speng.
915 2309 959 2341 ad
986 2309 1096 2340 Arist.
1126 2307 1229 2339 Rhet.
1257 2306 1304 2347 II,
1331 2316 1363 2347 p.
1390 2306 1467 2337 334.

283 2419 302 2449 3
328 2416 439 2447 ducta
464 2419 518 2447 est
536 2416 580 2445 A:
608 2414 740 2445 ductae
766 2414 791 2444 B
869 2414 890 2443 4
915 2411 1066 2443 tralatio
1084 2412 1108 2441 B
1187 2411 1204 2441 7
1231 2413 1271 2440 ut
1296 2409 1418 2439 iacere
1445 2406 1573 2438 sedero
1593 2404 1781 2445 spaldings.-

194 2467 232 2494 ut
257 2462 378 2493 calere
406 2464 510 2492 stare
529 2460 637 2490 irasci
662 2460 712 2490 Bn
737 2461 809 2490 lm.
838 2463 868 2489 et
893 2459 937 2493 A,
968 2458 1031 2488 serl
1062 2457 1113 2487 hic
1143 2454 1276 2491 calet-e,
1310 2458 1349 2484 ut
1376 2452 1497 2483 calere
1526 2451 1651 2482 facore
1686 2453 1782 2480 stare

193 2508 299 2539 irasci
325 2508 374 2538 Bn
399 2518 488 2539 cor-r.
515 2511 546 2537 ec
570 2506 640 2544 Bg3
673 2505 717 2543 cf.
746 2504 890 2535 At-z'slot.
916 2507 1024 2544 (πίθῃ,
1050 2504 1081 2535 2,
1103 2504 1121 2532 o·
1148 2500 1285 2532 κεῑςθαι
1311 2498 1350 2531 δὲ
1377 2496 1458 2529 οἷον
1483 2494 1690 2534 ἀνάκειται,
1726 2492 1781 2526 κόιμ

193 2555 312 2595 Οηται,
341 2553 447 2583 Jlart.
475 2552 556 2592 Cap,
574 2549 631 2590 >IS
647 2551 716 2581 303
743 2548 837 2588 Quid
855 2548 969 2579 situs?
996 2551 1036 2579 ut
1061 2550 1149 2588 puta
1173 2546 1283 2584 iacet,
1312 2543 1414 2575 sedet
1440 2540 1494 2583 (ut
1519 2542 1659 2579 sedere,
1685 2544 1782 2571 stare

192 2601 278 2631 emti.
307 2598 502 2636 Geruleaml,
537 2595 667 2627 deinde
704 2594 830 2626 facere
861 2596 902 2624 ut
934 2592 1160 2631 calefacere,
1195 2591 1273 2632 pati
1304 2592 1343 2620 ut
1375 2588 1482 2618 irasci
1519 2613 1524 2618 .
1553 2612 1560 2618 .
1586 2585 1781 2617 nouissime

194 2646 330 2677 κεῑεθαι
358 2669 363 2674 .
395 2670 400 2675 .
429 2646 467 2673 ut
491 2645 591 2673 stare
620 2640 756 2679 illefser)
849 2639 895 2670 iis
919 2639 961 2672 B:
988 2639 1045 2670 liis
1070 2639 1098 2668 A
1194 2639 1233 2667 io
1260 2635 1372 2666 auium
1398 2632 1426 2663 A
1527 2634 1566 2663 12
1593 2631 1675 2662 dum
1701 2630 1781 2661 AB:

194 2701 264 2722 non
288 2691 309 2720 b
421 2690 459 2719 13
486 2686 627 2729 peperit
652 2686 708 2716 Ab
734 2690 765 2716 εί
791 2686 808 2715 1
824 2695 863 2715 m.
889 2685 955 2717 Bn:
984 2683 1169 2725 pepererit
1193 2682 1242 2712 Bn
1267 2691 1356 2711 corr.
1384 2683 1415 2709 et
1440 2678 1492 2717 Bg
1584 2676 1703 2708 locum
1729 2677 1781 2707 erl.

196 2736 323 2777 (it-gfflle.
350 2734 449 2765 locus
474 2733 537 2763 AB
648 2742 727 2763 esse
755 2740 800 2761 an
828 2730 885 2761 fas
910 2730 939 2760 A
963 2741 1002 2762 m.
1024 2731 1041 2760 2
1067 2730 1100 2759 ἱιι
1123 2739 1191 2758 ras.
1310 2727 1348 2756 17
1376 2723 1571 2754 comisator
1594 2722 1636 2752 B:
1665 2732 1781 2753 come>

195 2785 298 2812 satur
322 2781 390 2816 Ab,
416 2780 478 2811 secl
501 2779 531 2809 A
557 2779 679 2809 esator
705 2777 737 2806 ῖη
762 2786 830 2807 ras.
858 2786 898 2806 m.
918 2777 950 2810 2,
978 2776 1089 2814 17:11,
1110 2775 1142 2809 3,
1162 2775 1204 2803 57
1322 2770 1361 2801 18
1388 2768 1572 2799 comiserit
1596 2766 1637 2798 Α1
1742 2768 1782 2798 19

195 2831 231 2857 et
256 2825 330 2857 alia
355 2824 395 2856 Αι
505 2826 548 2855 ’30
574 2821 786 2862 thrasybolo
812 2820 837 2850 B
930 2819 1031 2851 XXX
1056 2820 1085 2849 A
1111 2829 1155 2849 ea)
1179 2828 1269 2848 corr.
1369 2814 1454 2855 quia
1479 2812 1553 2844 Ab:
1581 2813 1641 2854 qui
1666 2813 1692 2843 B

194 2873 235 2903 21
263 2881 412 2902 causam
437 2870 482 2900 A:
511 2879 623 2900 causa
648 2868 673 2898 B
769 2867 905 2897 factum
931 2865 978 2904 (m
1006 2867 1037 2895 1'71
1064 2862 1148 2902 ras.)
1165 2861 1194 2892 A
1287 2862 1329 2891 ‘26
1355 2868 1475 2891 εΡΤωΝ
1494 2859 1520 2889 Β
1636 2859 1678 2889 28
1704 2868 1783 2898 par-

194 2921 249 2968 tes
275 2915 332 2946 Ab
425 2914 520 2956 quod
545 2915 589 2945 A:
618 2922 721 2955 quem
747 2912 831 2946 Bag
923 2911 966 2942 29
993 2912 1115 2941 actum
1139 2906 1213 2938 Ab:
1241 2908 1325 2938 actu
1350 2906 1375 2936 B
1469 2906 1511 2937 30
1536 2904 1594 2936 his
1618 2904 1657 2943 A,
1681 2904 1744 2934 sed
1767 2914 1783 2933 s

193 2973 226 2993 m
242 2971 315 2995 ras,
