1939 3228
85 854 117 878 10

87 1193 118 1219 15

762 129 825 158 1x.
867 125 902 170 4,
927 124 1095 155 16—26.
1645 110 1725 151 173

249 235 311 274 At
353 232 428 273 illa
475 245 635 273 conexa
677 230 804 271 series
846 229 925 270 tris
969 228 1100 269 habet
1144 227 1325 268 formas:
1376 224 1573 277 incisa,
1621 236 1727 277 quae
1741 221 1795 262 22

135 303 326 354 κόμματα
357 300 568 353 dicuntur,
600 298 852 350 membra,
886 311 993 351 quae
1015 299 1147 350 κῶλα,
1178 295 1398 348 περίοδον,
1429 306 1536 347 quae
1567 293 1632 332 est
1661 290 1729 331 uel

136 369 321 410 ambitus
365 368 434 409 uel
476 366 813 408 circumductum
856 364 924 405 uel
972 363 1237 405 continuatio
1280 362 1349 403 uel
1395 360 1622 402 conclusio.
1683 358 1729 399 in

136 437 251 478 omni
298 451 424 491 porro
470 433 776 489 compositione
814 433 898 473 tria
941 434 1042 473 sunt
1086 445 1246 487 genera
1290 427 1552 471 necessaria:
1612 426 1727 480 ordo,

68 522 79 527 ³
135 505 350 558 iunctura,
382 517 597 545 numerus.

248 573 438 614 Primum
475 570 608 626 igitur
647 569 697 610 de
734 568 930 623 ordine.
992 568 1081 609 eius
1119 565 1361 609 obseruatio
1399 565 1443 605 in
1482 563 1625 605 uerbis
1664 564 1730 603 est
1743 561 1796 603 23

135 640 317 695 singulis
349 642 390 681 et
422 638 645 681 contextis.
705 636 875 691 singula
907 637 1019 690 sunt,
1051 650 1158 690 quae
1190 634 1398 677 ἀεύνδετα
1428 632 1623 673 diximus.
1684 631 1726 671 11]

135 709 202 750 1115
234 708 482 762 cauendum,
515 721 569 748 ne
591 706 807 747 decrescat
828 704 964 745 oratio
986 705 1028 745 et
1057 702 1225 744 fortiori
1256 701 1541 756 subiungatur
1572 698 1730 753 aliquid

135 777 369 830 infirmius,
409 777 457 816 ut
494 774 702 829 sacrilego
738 773 808 814 fur
847 774 921 813 aut
957 771 1115 812 latroni
1160 769 1380 825 petulans:
1432 767 1579 823 augeri
1617 766 1731 808 enim

137 845 293 886 debent
330 843 569 885 sententiae
611 832 934 896 et‘insurgere,
982 841 1029 880 ut
1068 839 1228 893 optime
1267 836 1412 879 Cicero
1453 838 1570 881 ‘tuf
1591 835 1732 889 inquit

137 913 281 954 eistis
310 911 578 964 faucibus,
612 909 734 951 istis
757 908 1045 961 lateribus,
1078 907 1185 947 ista
1215 905 1542 960 gladiatoria
1562 903 1730 944 totius

138 981 375 1035 corporis
411 978 723 1020 firmitate':
762 976 875 1018 aliud
915 975 1029 1016 enim
1068 975 1203 1016 maius
1254 973 1327 1014 alii
1366 971 1625 1027 superuenit.
1688 973 1732 1012 at

137 1050 173 1091 si
205 1048 412 1103 coepisset
443 1062 467 1088 3
496 1048 588 1088 toto
621 1059 813 1100 corpore,
851 1058 940 1085 non
977 1044 1086 1084 bene
1118 1043 1171 1083 ad
1212 1042 1346 1083 latera
1389 1041 1617 1095 faucesque
1664 1039 1732 1080 de-

138 1117 373 1159 scenderet.
416 1117 481 1157 est
502 1117 544 1156 et
565 1114 672 1155 alius
694 1112 905 1154 naturalis
934 1111 1050 1165 ordo,
1083 1113 1131 1152 ut
1162 1110 1299 1151 ‘uiros
1321 1124 1371 1151 ac
1391 1109 1588 1162 feminas,
1621 1107 1732 1148 diem

138 1200 188 1228 30
232 1187 424 1238 noctem,
471 1185 611 1224 ortum
651 1184 693 1222 et
731 1183 949 1222 occasum’
989 1179 1106 1220 dicas
1143 1178 1284 1233 potius
1321 1192 1447 1233 quam
1486 1178 1730 1217 retrorsum.

137 1253 344 1309 quaedam
366 1252 512 1294 ordine
544 1252 786 1306 permutato
807 1249 918 1290 fiunt
939 1261 1217 1302 superuacua,
1250 1248 1298 1287 ut
1328 1246 1504 1286 <fratres
1526 1244 1709 1300 gemini’
1723 1259 1731 1285 :
1745 1243 1801 1285 24

137 1337 239 1363 nam
260 1321 296 1362 si
328 1320 534 1376 ‘gemini’
567 1317 898 1374 praecesserint,
944 1315 1144 1357 efratres’
1177 1314 1330 1355 addere
1351 1328 1438 1355 non
1460 1315 1523 1354 est
1545 1326 1731 1354 necesse.

137 1391 211 1431 illa
241 1390 374 1431 nimia
406 1387 669 1443 quorundam
698 1385 782 1426 fuit
811 1384 1065 1438 obseruatio,
1098 1386 1147 1425 ut
1176 1382 1382 1424 uocabula
1412 1382 1568 1436 uerbis,
1602 1381 1733 1422 uerba

137 1472 282 1499 rursus
305 1456 529 1510 aduerbiis,
563 1455 738 1496 nomina
760 1453 964 1508 adpositis
988 1455 1030 1494 et
1060 1451 1382 1506 pronominibus
1405 1451 1547 1491 essent
1567 1449 1732 1504 priora:

10 1547 53 1574 ,ιο
88 1534 122 1559 20
140 1542 242 1568 nam
280 1526 329 1567 fit
370 1527 518 1567 contra
556 1537 720 1578 quoque
764 1522 1010 1576 frequenter
1048 1535 1135 1561 non
1175 1520 1386 1561 indecore.
1448 1532 1527 1560 nec
1564 1532 1652 1559 non
1692 1517 1802 1559 et25

87 1875 120 1900 25

142 1595 248 1637 illud
279 1594 437 1635 nimiae
469 1591 799 1647 superstitionis,
832 1590 896 1631 uti
927 1603 1116 1644 quaeque
1147 1589 1234 1629 sint
1264 1590 1468 1642 tempore,
1501 1586 1562 1628 ita
1591 1586 1733 1627 facere

140 1664 273 1705 etiam
304 1661 452 1703 ordine
490 1660 654 1715 priora,
697 1673 784 1700 non
815 1659 917 1713 quin
954 1658 1200 1712 frequenter
1238 1656 1293 1697 sit
1330 1655 1411 1697 hoc
1448 1655 1619 1709 melius,
1661 1654 1734 1695 sed

139 1731 238 1786 quia
276 1730 450 1771 interim
487 1728 581 1784 plus
620 1727 767 1768 ualent
806 1728 906 1768 ante
944 1728 1067 1781 gesta
1105 1725 1280 1779 ideoque
1320 1723 1550 1765 leuioribus
1592 1737 1733 1777 super-

141 1798 341 1854 ponenda
371 1799 484 1838 sunt.
528 1796 658 1838 uerbo
689 1809 860 1837 sensum
884 1794 1050 1836 cludere
1081 1793 1228 1847 multo,
1261 1793 1296 1834 si
1319 1791 1568 1847 compositio
1598 1790 1802 1846 pausia-26

138 1870 222 1921 tur,
256 1866 464 1921 optimum
496 1867 580 1906 est:
612 1865 657 1905 in
689 1863 829 1904 uerbis
861 1862 974 1903 enim
1006 1862 1212 1903 sermonis
1244 1861 1308 1902 uis
1340 1862 1416 1902 est.
1479 1860 1513 1900 si
1544 1859 1586 1900 id
1618 1873 1734 1913 aspe-

141 1950 235 1977 rum
267 1935 360 1988 erit,
396 1934 517 1975 cedet
548 1933 652 1973 haec
682 1931 792 1972 ratio
823 1930 1023 1984 numeris,
1054 1933 1101 1970 ut
1131 1929 1179 1970 fit
1211 1930 1322 1984 apud
1354 1942 1538 1970 summos
1559 1941 1735 1983 graecos

139 2004 380 2057 latinosque
411 2003 598 2043 oratores
629 1999 985 2055 frequentissime.
1048 1999 1139 2039 sine
1170 1997 1297 2038 dubio
1328 1996 1409 2038 erit
1439 2011 1586 2050 omne,
1626 1995 1736 2050 quod

232 2111 283 2141 10.
310 2107 392 2140 Phil
433 2106 480 2148 11,
506 2107 559 2145 25,
585 2106 639 2138 63.
1712 2101 1730 2110 =

233 2202 247 2231 1
277 2204 313 2230 at
338 2199 412 2229 AS:
440 2201 504 2229 aut
529 2197 598 2228 GM
691 2199 764 2227 tres
789 2196 881 2228 Ms;
975 2197 993 2226 2
1019 2197 1162 2226 comata
1180 2196 1210 2231 S,
1238 2196 1420 2225 commota
1437 2194 1544 2224 AGM
1638 2202 1734 2223 Kosxa

140 2246 169 2276 A
193 2247 316 2287 partim
342 2247 374 2275 in
397 2255 466 2275 ras.
493 2253 594 2274 mma
620 2242 646 2272 G
741 2250 918 2273 ΠΕΡ1ΟΛοΝ
947 2242 973 2271 G
1081 2241 1101 2271 4
1128 2250 1264 2281 genera
1290 2240 1463 2270 delendum
1488 2238 1646 2270 censebat
1670 2238 1735 2268 Re-

138 2292 212 2332 ffl'zcs
305 2292 324 2322 5
350 2292 531 2321 uunctura
558 2290 585 2319 G
701 2288 720 2318 6
748 2290 804 2318 est
828 2287 857 2316 A
883 2289 914 2316 in
940 2295 1010 2316 νας.
1038 2286 1073 2315 Μ
1099 2289 1155 2316 est
1176 2289 1255 2326 post
1283 2284 1361 2315 eius
1387 2284 1505 2319 lmbet;
1530 2285 1602 2324 ipse
1628 2283 1736 2314 malim

139 2338 176 2367 in
202 2336 326 2367 uerbis
353 2338 388 2366 et
413 2334 568 2375 singulis
595 2336 631 2364 et
658 2342 688 2363 c.
785 2334 802 2364 7
830 2334 913 2362 sunt
938 2332 967 2361 A
991 2331 1023 2361 in
1048 2340 1117 2361 ras.
1213 2338 1384 2361 acmoera
1400 2330 1441 2368 A,
1469 2330 1675 2360 ancinaera
1694 2329 1734 2366 G,

143 2381 316 2413 ancineta
342 2382 372 2420 S,
400 2390 462 2411 om.
489 2379 523 2408 Μ
616 2379 634 2409 9
661 2381 701 2408 ut
727 2379 763 2408 S:
798 2380 834 2409 et
858 2377 965 2407 AGM
1061 2377 1101 2407 10
1127 2375 1252 2416 inquid
1269 2374 1349 2406 A¹G
1451 2376 1490 2405 12
1518 2374 1585 2404 3111
1605 2373 1736 2404 Clzrisl:

142 2427 215 2458 alio
242 2426 318 2457 libri
411 2427 449 2455 at
473 2424 563 2454 AM:
589 2426 628 2453 ut
653 2423 691 2461 G,
719 2433 762 2454 ac
789 2424 807 2453 S
917 2423 958 2453 13
982 2421 1102 2452 latera
1129 2421 1329 2462 faucesque
1355 2420 1383 2449 A
1408 2421 1441 2450 iu
1466 2430 1535 2451 ras.
1562 2430 1601 2450 m.
1619 2420 1638 2449 2

143 2470 385 2503 descenderet
409 2470 461 2500 M:
487 2467 720 2500 discenderet
743 2469 819 2507 AG,
847 2466 1109 2499 descenderent
1134 2468 1153 2497 S
1293 2467 1334 2496 14
1361 2468 1416 2496 est
1440 2465 1469 2495 A
1495 2466 1527 2495 in
1551 2475 1621 2495 ras.

144 2519 183 2549 15
209 2518 348 2548 noctem
373 2520 479 2547 ortum
504 2520 536 2545 el
561 2523 733 2545 occasum
758 2514 786 2544 A
896 2522 1002 2553 quam
1030 2512 1170 2553 Regius:
1199 2522 1304 2552 quani
1333 2514 1369 2541 et
1395 2511 1427 2551 S⁷
1455 2519 1672 2550 quamquam
1700 2511 1736 2540 et

140 2563 257 2597 AGM,
284 2562 347 2593 sed
370 2562 399 2591 A
424 2570 531 2601 quam
559 2562 595 2591 et
620 2560 652 2590 in
677 2570 746 2590 rus.
864 2559 904 2588 16
930 2560 1138 2599 permutato
1162 2557 1201 2596 A,
1229 2556 1448 2598 permutatio
1476 2556 1555 2594 GM,
1581 2555 1644 2586 sed
1666 2554 1677 2584 i
1702 2555 1736 2585 in

142 2609 169 2639 G
193 2618 221 2642 s.
246 2608 267 2639 Z.
378 2606 512 2645 gemini
536 2615 609 2636 nam
635 2606 665 2635 si
688 2605 717 2634 A
811 2605 850 2635 17
878 2603 1013 2644 gemini
1038 2602 1309 2644 praecesserint
1333 2602 1377 2632 A:
1403 2610 1524 2642 praee.
1550 2600 1736 2642 (praeces-

142 2656 267 2684 serunt
292 2652 324 2691 S)
351 2651 487 2692 gemini
512 2652 584 2682 rell.
610 2651 690 2691 noti,
714 2650 777 2680 secl
803 2649 900 2682 Gom.
926 2648 1174 2689 praecesserit
1199 2648 1277 2687 (sie)
1304 2647 1468 2687 germani
1606 2646 1646 2676 19
1673 2654 1736 2675 nu-

141 2698 238 2730 mina
263 2697 304 2728 A¹
400 2699 524 2728 esseut
549 2695 671 2738 priora
697 2697 762 2726 Sa:
791 2697 887 2725 esset
913 2694 1035 2734 priora
1060 2693 1141 2731 GM,
1169 2696 1267 2723 esset
1293 2692 1389 2733 prior
1413 2691 1442 2721 A
1535 2692 1578 2721 20
1603 2690 1651 2721 511,
1667 2690 1736 2720 GM

210 2745 251 2775 21
278 2743 330 2774 ita
350 2742 481 2774 Clu-ist:
509 2752 552 2772 ca
571 2740 648 2772 libri
717 2741 760 2770 22
787 2740 869 2779 quin
897 2739 1109 2779 frequenter
1125 2738 1165 2777 A,
1193 2738 1253 2778 qui
1271 2737 1528 2777 infrequenter
1545 2737 1622 2772 GM,
1651 2735 1736 2776 quia

141 2789 353 2830 frequenter
371 2788 390 2818 S
482 2789 524 2819 23
549 2785 728 2818 interdum
754 2785 815 2815 MS
920 2783 1157 2825 supponenda
1184 2783 1306 2822 Hessius
1421 2783 1463 2813 25
1488 2781 1543 2812 uis
1570 2784 1626 2812 est
1650 2781 1679 2811 A
1703 2782 1737 2811 in

143 2845 211 2865 ras.
238 2835 293 2865 uis
319 2833 417 2864 inest
439 2834 474 2863 M
567 2831 630 2863 sed
656 2831 687 2862 si
705 2830 872 2871 Spalding)
964 2830 1006 2860 26
1033 2828 1163 2860 caedet
1180 2828 1255 2866 AG,
1283 2826 1410 2859 credat
1435 2828 1454 2857 S
1547 2826 1736 2857 haeTratio

143 2879 181 2918 G,
207 2879 323 2910 oratio
350 2877 424 2919 (0112.
444 2876 550 2918 haec)
576 2878 651 2916 MS,
678 2876 771 2907 haec
797 2892 839 2896 —-
865 2873 961 2915 apud
985 2875 1014 2904 A
1038 2875 1071 2905 in
1097 2884 1166 2905 ras.
1192 2873 1291 2904 lmbet
1368 2874 1408 2904 27
1437 2873 1505 2904 erit
1530 2872 1611 2902 AG:
1640 2871 1736 2902 enim

143 2925 206 2955 MS
230 2928 262 2955 et
287 2925 369 2958 dett,
397 2924 466 2955 erit
491 2922 641 2954 uerbum
668 2922 754 2954 coni.
780 2920 956 2962 Spaldz'ngl,
991 2921 1061 2950 erit
1086 2929 1189 2950 omne
1217 2918 1310 2960 quod
1336 2928 1405 2950 non
1432 2917 1600 2950 cludetur
1624 2917 1736 2949 uerbo

142 2969 202 3001 Fr.
230 2968 377 3001 Schmidt
400 2970 529 3001 sodalis
553 2968 724 3000 seminarii
747 2966 859 3007 pleilol.
887 2964 1105 2996 Allonacensis
