1939 3228
801 141 845 170 x.
887 138 921 183 τ,
945 137 964 168 9
977 137 1093 170 -19,
1664 129 1747 170 249

148 246 262 286 torta
294 243 374 298 uis,
408 243 495 297 sed,
527 244 575 284 ut
605 243 764 298 optime
795 257 947 284 uocum
984 242 1251 298 singularum
1284 243 1407 284 cedat
1445 242 1618 297 electio,
1658 257 1745 283 11011

150 312 367 366 continua,
400 311 472 358 sed
507 311 740 365 composita
772 316 849 353 est.

261 378 399 428 Quare
432 379 662 434 capiendae
694 382 793 420 sunt
812 379 925 433 illae,
960 379 1010 420 de
1042 379 1193 434 quibus
1215 379 1316 433 dixi,
1349 393 1491 420 rerum
1522 379 1746 434 imagines,
1765 379 1815 422 15

147 463 252 503 quas
283 448 428 490 uocari
459 448 693 501 φανταείαε
723 447 1020 501 indicauimus,
1055 447 1294 502 omniaque,
1328 446 1378 487 de
1410 447 1560 501 quibus
1593 447 1747 488 dicturi

115 530 131 555 5
152 516 320 571 erimus,
354 530 572 571 personae,
605 515 888 571 quaestiones,
922 530 1031 570 speS,
1064 517 1200 556 metus
1221 514 1419 555 habenda
1450 515 1495 556 in
1518 515 1664 570 oculis,
1698 516 1742 556 111

147 584 339 626 adfectus
371 584 634 639 recipienda:
674 586 823 638 pectus
856 586 920 625 est
951 583 1079 636 enim,
1114 582 1224 638 quod
1255 582 1434 623 disertos
1465 582 1585 637 facit,
1610 586 1652 624 et
1682 584 1747 625 uis

147 653 318 694 mentis.
381 653 557 707 ideoque
588 651 797 706 imperitis
830 666 1015 706 quoque,
1049 651 1083 692 si
1115 650 1237 692 modo
1269 653 1369 691 sunt
1401 651 1542 705 aliquo
1574 652 1742 693 adfectu

134 712 367 775 xconcitati,
400 720 531 762 uerba
562 734 649 761 non
681 719 847 761 desunt.
908 721 1000 760 tum
1031 718 1316 760 intendendus
1349 718 1538 773 animus,
1580 734 1668 761 11011
1698 720 1812 762 11116

148 789 334 844 aliquam
364 804 455 830 rem
485 803 638 842 unam,
673 788 753 841 'sed
782 788 826 829 in
859 787 999 842 plures
1031 787 1158 828 simul
1200 787 1445 841 continuas,
1485 789 1556 841 ut,
1598 788 1632 829 si
1670 803 1746 842 per

97 872 128 896 10
148 857 333 911 aliquam
364 859 525 898 rectam
556 856 670 898 uiam
705 855 925 897 mittamus
957 855 1121 909 oculos,
1163 855 1286 896 simul
1325 856 1467 896 omnia
1507 870 1613 910 quae
1645 859 1745 898 sunt

146 925 192 966 in
231 939 280 966 ea
319 925 514 980 circaque
551 925 788 978 intuemur,
834 938 923 965 non
962 923 1159 965 ultimum
1201 925 1373 964 tantum
1410 923 1624 978 uidemus,
1674 925 1745 967 sed

147 1007 278 1047 usque
317 992 369 1034 ad
407 993 619 1033 ultimum.
682 992 800 1034 addit
839 993 891 1033 ad
931 992 1155 1034 dicendum
1195 991 1324 1032 etiam
1362 992 1496 1046 pudor
1535 993 1742 1048 stimulos,

146 1061 383 1116 mirumque
414 1060 548 1102 uideri
579 1063 734 1115 potest,
768 1061 891 1116 quod,
927 1075 1021 1102 cum
1052 1060 1175 1101 stilus
1207 1062 1369 1101 secreto
1401 1061 1587 1115 gaudeat
1619 1063 1745 1116 atque

147 1129 284 1170 omnis
316 1130 497 1171 arbitros
520 1128 779 1183 reformidet,
814 1128 1112 1183 extemporalis
1136 1127 1246 1169 actio
1277 1122 1518 1169 auditorum
1548 1129 1811 1184 frequen-17

97 1211 128 1238 15
148 1198 231 1251 tia,
273 1200 320 1239 ut
358 1197 478 1238 miles
519 1199 725 1252 congestu
763 1197 1004 1252 signorum,
1047 1197 1272 1237 excitatur.
1335 1211 1519 1251 namque
1560 1199 1601 1238 et
1636 1198 1747 1238 diffi-

148 1266 335 1308 ciliorem
369 1265 673 1321 cogitationem
706 1265 906 1320 exprimit
937 1267 979 1306 et
1010 1265 1184 1319 expellit
1216 1264 1384 1306 dicendi
1416 1265 1670 1320 necessitas,
1705 1269 1746 1307 et

147 1334 352 1375 secundos
383 1335 567 1388 impetus
600 1336 729 1389 auget
760 1333 958 1388 placendi
992 1333 1156 1388 cupido.
1201 1333 1304 1374 adeo
1335 1333 1572 1387 praemium
1603 1335 1746 1375 omnia

148 1405 368 1458 spectant,
402 1405 449 1443 ut
481 1403 721 1457 eloquentia
754 1416 931 1456 quoque,
967 1416 1222 1457 quamquam
1252 1401 1481 1455 plurimum
1513 1401 1670 1444 habeat
1700 1403 1745 1444 in

149 1485 192 1512 se
223 1470 472 1525 uoluptatis,
506 1471 689 1512 maxime
722 1473 867 1512 tamen
899 1471 1115 1525 praesenti
1154 1471 1297 1511 fructu
1336 1469 1472 1510 laudis
1511 1471 1742 1525 opinionis-

96 1554 129 1579 20
148 1554 227 1594 que
267 1539 457 1580 ducatur.
519 1554 597 1580 nec
644 1538 866 1593 quisquam
906 1541 1076 1579 tantum
1116 1539 1219 1580 fidat
1258 1539 1453 1594 ingenio,
1500 1541 1547 1580 ut
1584 1539 1626 1580 id
1665 1539 1813 1583 sibilS

149 1609 290 1661 speret
311 1607 536 1661 incipienti
558 1608 704 1649 statim
725 1621 848 1662 posse
872 1608 1136 1662 contingere,
1172 1607 1257 1661 sed,
1283 1607 1393 1648 sicut
1414 1606 1459 1647 in
1483 1607 1744 1662 cogitatione

147 1675 463 1730 praecepimus,
496 1676 557 1716 ita
587 1675 842 1717 facilitatem
874 1689 1038 1730 quoque
1070 1675 1402 1730 extemporalem
1435 1690 1457 1716 a
1489 1675 1634 1729 paruis
1665 1676 1745 1717 ini-

148 1743 218 1784 tiis
250 1743 457 1798 paulatim
488 1744 766 1798 perducemus
798 1744 849 1785 ad
872 1758 1093 1797 summam,
1126 1758 1233 1798 quae
1264 1757 1401 1798 neque
1432 1744 1578 1798 perfici
1611 1759 1746 1799 neque

149 1812 359 1853 contineri
398 1812 481 1852 nisi
520 1827 599 1853 usu
630 1814 785 1866 potest.
839 1815 1027 1853 ceterum
1058 1812 1281 1866 peruenire
1314 1826 1361 1852 00
1383 1812 1521 1866 debet,
1555 1814 1602 1853 ut
1633 1813 1814 1868 cogi-19

97 1898 128 1920 ες»
147 1879 254 1921 tatio
285 1894 371 1921 non
403 1880 549 1935 utique
581 1880 730 1921 melior
761 1880 815 1921 sit
847 1895 909 1935 ea,
944 1880 1016 1921 sed
1048 1880 1191 1934 tutior,
1228 1895 1321 1921 cum
1343 1880 1456 1921 hanc
1487 1880 1745 1922 facilitatem
1822 1871 1828 1876 ⁸

148 1963 235 1989 non
267 1948 311 1988 in
342 1962 467 2003 prosa
497 1949 619 1990 modo
651 1948 773 1990 multi
806 1949 893 1990 sint
925 1948 1163 2003 consecuti,
1197 1951 1269 1990 sed
1302 1949 1431 1990 etiam
1462 1948 1507 1989 in
1539 1950 1742 2003 carmine,

148 2018 195 2057 ut
235 2016 468 2071 Antipater
507 2016 704 2058 Sidonius
753 2019 793 2058 et
831 2017 1021 2058 Licinius
1067 2016 1272 2058 Archias:
1326 2017 1580 2058 credendum
1631 2017 1744 2058 enim

150 2084 344 2127 Ciceroni
384 2087 468 2138 est,
509 2100 595 2126 11011
632 2085 731 2139 quia
764 2085 921 2126 nostris
953 2099 1119 2140 quoque
1150 2086 1411 2140 temporibus
1443 2100 1530 2127 non
1563 2088 1603 2127 et
1636 2086 1743 2127 fece—

150 2153 237 2193 rint
267 2153 440 2207 quidam
470 2153 548 2194 hoc
582 2155 623 2194 et
653 2153 830 2194 faciant.
874 2154 985 2207 (111011
1020 2155 1167 2194 tamen
1197 2169 1285 2195 non
1316 2154 1455 2208 ipsum
1476 2156 1564 2194 tam
1595 2154 1744 2208 proba-

239 2260 258 2289 2
285 2263 341 2290 est
364 2259 407 2289 B:
435 2258 465 2288 si
491 2258 523 2295 b,
552 2260 607 2289 est
632 2258 662 2288 si
686 2259 722 2287 M
838 2260 857 2289 ὃ
883 2257 1063 2299 capienda
1089 2258 1248 2300 imagine
1274 2258 1293 2288 b
1408 2260 1429 2289 4
1455 2268 1543 2299 quos
1568 2259 1631 2289 Mb

149 2306 168 2332 ti
196 2304 356 2334 adfectis
380 2304 400 2333 b
495 2303 632 2334 diserto
658 2303 710 2342 Bg
736 2305 804 2334 Im.
911 2305 928 2335 7
955 2304 1037 2335 ideo
1062 2303 1082 2334 b
1175 2308 1259 2335 sunt
1283 2303 1324 2334 B:
1353 2305 1427 2334 sint
1451 2305 1512 2334 Mb
1630 2305 1649 2335 S
1675 2315 1745 2336 non

150 2352 233 2379 sunt
258 2349 278 2379 b
374 2353 446 2379 tum
474 2359 534 2381 om.
562 2349 623 2378 Mb
717 2350 736 2379 9
763 2348 826 2379 sed
852 2349 888 2379 in
915 2360 952 2379 sc
980 2348 1083 2379 simul
1112 2350 1288 2380 continua
1314 2359 1422 2390 super
1446 2350 1466 2379 b
1585 2350 1624 2381 lo
1651 2360 1745 2390 qliae

150 2394 239 2425 fiunt
264 2395 299 2423 Μ
393 2396 431 2425 11
460 2394 642 2425 intuemur
668 2403 756 2425 onus
784 2404 853 2425 non
880 2395 899 2424 b
1002 2396 1041 2425 12
1069 2394 1169 2425 addit
1194 2394 1239 2425 ad
1267 2394 1457 2425 dicendum
1483 2394 1525 2424 B:
1554 2394 1655 2425 addit
1683 2395 1742 2426 ad-

149 2438 358 2470 discendum
384 2440 430 2479 M,
459 2439 721 2470 addiscendum
747 2438 822 2480 (om.
851 2439 966 2479 addit)
993 2441 1078 2471 F'l'b
1173 2439 1339 2471 stimulos
1356 2440 1462 2472 BFT:
1493 2439 1654 2472 stimulos
1681 2440 1745 2471 ha-

151 2484 213 2515 bet
238 2487 271 2515 et
298 2484 533 2516 dicendorum
560 2487 754 2525 expectata
782 2484 859 2516 laus
886 2486 963 2524 M-33
996 2490 1144 2526 apparel
1176 2497 1245 2516 eum
1277 2487 1378 2516 semel
1407 2486 1439 2516 in
1471 2496 1536 2516 una
1562 2487 1659 2517 codd.
1690 2486 1744 2525 fa—

150 2531 238 2561 milia
264 2531 346 2561 illud
372 2529 472 2561 addit
500 2530 591 2569 (autc
617 2533 750 2561 litteras
770 2528 887 2572 aaut)
915 2532 1110 2566 excidisset,
1137 2533 1240 2562 loz-nm
1266 2532 1526 2570 interpolatione
1553 2536 1746 2573 corruptum

150 2586 223 2607 esse
341 2577 380 2607 13
407 2576 606 2616 mirumque
633 2576 668 2606 b:
697 2585 871 2617 marumq.
897 2577 943 2615 M,
972 2580 1162 2617 utrumque
1189 2576 1214 2606 B
1332 2586 1409 2606 cuni
1436 2576 1603 2607 stimulus
1627 2577 1647 2607 b

154 2622 191 2652 14
217 2621 402 2660 frequenti
428 2624 491 2652 aut
516 2620 622 2652 miles
647 2621 673 2652 B
700 2621 803 2661 (corr.
828 2622 861 2652 in
887 2620 968 2661 Bg),
1003 2622 1211 2663 frequentia
1239 2625 1276 2652 ut
1302 2621 1401 2652 utilis
1428 2623 1463 2651 M
1598 2623 1635 2653 15
1662 2633 1744 2653 con-

150 2670 257 2707 gestu
281 2666 323 2696 B:
352 2669 527 2698 contentu
552 2667 598 2706 M,
626 2669 819 2698 contentus
844 2668 876 2706 b,
905 2670 1085 2698 concentu
1110 2668 1177 2704 alii,
1205 2672 1240 2698 at
1265 2667 1308 2707 ef.
1336 2666 1501 2709 Spaldz‘ny
1616 2667 1745 2698 diffiei-

151 2711 278 2743 liorem
305 2722 385 2743 esse
411 2713 443 2751 b,
471 2711 624 2743 difficile
651 2713 686 2742 M
791 2713 830 2743 17
859 2713 1043 2754 cupiditas
1068 2714 1103 2742 M
1195 2713 1397 2754 praemium
1422 2713 1563 2754 Regius:
1590 2713 1745 2754 pret-ium

149 2757 227 2789 libri
365 2758 405 2789 18
431 2760 631 2799 expectant
655 2758 691 2787 M
826 2761 862 2788 et
889 2757 1100 2799 eloquentia
1125 2776 1168 2780 —
1195 2758 1339 2789 ducitur
1363 2759 1448 2791 coni.
1476 2757 1643 2799 Spalding]

154 2804 193 2834 19
218 2801 446 2844 uoluptatem
472 2804 502 2834 is
526 2804 547 2834 b
641 2802 759 2834 laudis
786 2803 906 2844 operis
932 2804 1041 2835 ducat
1058 2805 1093 2833 M
1187 2804 1226 2834 21
1256 2803 1292 2834 in
1318 2814 1377 2835 om.
1397 2804 1433 2833 M
1525 2804 1567 2834 22
1592 2813 1743 2845 praece-

149 2848 268 2888 pimus
294 2859 371 2880 nos:
398 2849 644 2890 praecipimus
670 2849 769 2880 codd.
865 2858 1008 2890 quoque
1035 2859 1096 2881 om.
1125 2849 1155 2888 b,
1184 2858 1252 2889 quo
1278 2850 1313 2879 M
1406 2850 1448 2880 25
1475 2849 1537 2880 sed
1563 2849 1691 2881 utilior
1708 2850 1744 2880 M

241 2893 461 2925 facilitatem
486 2895 566 2926 Mb:
600 2893 819 2925 felicitatem
843 2894 869 2924 B
1008 2895 1050 2926 26
1075 2904 1146 2925 non
1171 2894 1208 2925 in
1233 2894 1277 2925 B:
1310 2905 1381 2926 non
1407 2895 1470 2925 Mb
1564 2895 1637 2926 sint
1660 2895 1742 2926 Mb:

153 2940 235 2968 sunt
259 2938 285 2968 B
403 2939 512 2971 etiam
539 2940 575 2970 in
602 2940 645 2970 B:
674 2939 783 2970 etiam
810 2939 872 2969 Mb
993 2941 1034 2971 ‘27
1061 2939 1241 2971 sidonium
1266 2940 1286 2970 b
1402 2939 1558 2981 lycinius
1584 2940 1653 2971 ΒΜ

154 2983 247 3014 enim
274 2983 316 3018 B:
344 2995 430 3026 ergo
454 2985 516 3016 Mb
609 2986 651 3016 28
680 2984 810 3017 fecerit
834 2985 853 3015 b
