1939 3180
197 102 278 143 162
719 109 1015 148 QUINTILIANI
1046 109 1165 140 INST.
1199 110 1273 140 on.

127 213 450 257 7lCornificius
489 213 569 255 hoc
607 213 1005 254 traductionem
1043 213 1189 266 uocat,
1229 211 1430 253 uidelicet
1468 211 1644 253 alterius
1675 212 1801 254 intel-

192 283 328 324 lectus
360 282 414 323 ad
446 281 642 322 alterum.
705 281 777 322 sed
810 280 1052 336 elegantius
1063 314 1073 335 ,
1116 280 1227 335 quod
1246 282 1323 322 'est
1352 280 1539 335 positum
1570 280 1616 321 in
1653 280 1803 322 distin-

193 351 366 405 guenda
405 349 467 390 rei
512 349 796 404 proprietate:
846 348 985 390 hanc
1023 349 1101 390 rei
1139 348 1394 404 publicae
1432 350 1638 403 pestem
1675 363 1802 404 pau—

152 424 156 427 ’
191 418 362 473 lisper
392 417 638 472 reprimi,
672 433 775 459 non
807 418 859 459 in
891 419 1204 472 perpetuum
1236 416 1513 472 comprimi
1543 431 1707 471 posse.
1762 419 1804 458 et

193 502 300 542 quae
331 486 724 542 praepositionibus
762 487 807 527 in
849 483 1395 534 contrariunimutantur:
1445 498 1548 525 non
1579 484 1837 526 emissus5

193 571 250 597 ex
282 556 434 609 urbe,
469 555 559 596 sed
590 555 847 596 inmissus
878 555 930 595 in
970 554 1150 595 urbem
1190 568 1303 595 esse
1344 552 1610 595 uideatur.
1652 552 1803 595 melius

191 627 321 680 atque
354 624 506 678 acrius,
538 623 649 679 quod
681 638 777 665 cum
808 623 948 679 figura
979 622 1211 664 iucundum
1252 623 1339 676 est,
1381 622 1474 662 tum
1513 620 1644 662 etiam
1675 635 1804 662 sensu

125 693 328 736 72ualet:
362 693 489 734 emit
519 694 687 734 morte
718 691 1198 734 inmortalitatem.
1260 690 1335 731 illa
1366 690 1547 731 leuiora:
1587 704 1689 731 non
1719 689 1803 731 Pi-

193 776 399 816 sonum,
448 761 534 803 sed
572 760 835 816 pistorum
876 762 918 801 et
957 775 1015 801 ex
1055 761 1271 801 oratore
1312 761 1509 800 arator.
1572 758 1804 812 pessimum

193 845 315 872 uero:
366 845 428 872 ne
471 832 654 885 patres
701 829 1004 884 conscripti
1048 828 1341 869 uideantur
1387 826 1800 882 circumscripti.
1823 841 1855 866 10

194 914 313 941 raro
358 898 563 953 euenit,
611 898 698 940 sed
742 898 1094 939 uehementer
1138 896 1305 938 uenit.
1369 896 1441 937 sed
1475 896 1712 951 contingit,
1757 898 1804 937 ut

195 968 326 1023 aliqui
359 982 509 1010 sensus
540 967 772 1009 uehemens
804 969 846 1008 ct
878 982 976 1009 acer
1013 967 1287 1008 uenustatem
1319 964 1506 1019 aliquam
1538 980 1624 1007 non
1658 965 1803 1006 eadem

126 1039 178 1080 73
195 1052 245 1078 ex
278 1051 375 1079 uoce
412 1051 501 1078 non
532 1036 706 1078 dissona
745 1035 945 1091 accipiat.
1007 1038 1050 1077 et
1090 1049 1163 1077 cur
1201 1049 1268 1075 me
1306 1033 1535 1088 prohibeat
1573 1033 1710 1088 pudor
1740 1033 1803 1074 uti

194 1106 427 1147 domestico
465 1105 690 1160 exemplo?
728 1107 853 1160 pater
891 1119 1010 1146 meus
1051 1106 1202 1146 contra
1241 1118 1358 1157 eum,
1400 1102 1472 1157 qui
1511 1116 1555 1143 se
1594 1101 1804 1157 legationi

192 1174 509 1216 immoriturum
554 1174 740 1227 dixerat,
789 1174 942 1215 deinde
990 1174 1061 1214 uix
1108 1172 1257 1227 paucis
1302 1171 1449 1212 diebus
1489 1170 1720 1225 insumptis
1758 1185 1804 1212 re
1824 1184 1856 1210 15

193 1242 357 1284 infecta
389 1243 595 1284 redierat:
627 1257 730 1284 non
763 1242 920 1298 exigo
942 1244 997 1283 ut
1027 1239 1351 1282 immoriaris
1383 1239 1679 1295 legationi:
1710 1239 1804 1280 im,-

193 1326 417 1353 morare.
461 1326 563 1353 nam
596 1313 639 1353 et
669 1311 786 1353 ualet
816 1326 965 1352 sensus
997 1310 1088 1365 ipse
1120 1311 1163 1351 et
1192 1309 1239 1350 in
1270 1308 1413 1349 uerbis
1443 1309 1612 1349 tantum
1643 1308 1803 1349 distan-

195 1380 310 1421 tibus
342 1380 525 1422 iucunde
559 1382 769 1422 consonat
798 1395 903 1435 uox,
937 1378 1191 1435 praesertim
1221 1392 1310 1418 non
1344 1378 1542 1432 captata,
1583 1377 1656 1418 sed
1687 1377 1806 1418 uelut

196 1448 354 1503 oblata,
390 1463 484 1490 cum
516 1449 652 1490 altero
685 1464 759 1490 suo
790 1449 846 1490 sit
868 1464 984 1501 usim,
1019 1447 1201 1489 alterum
1223 1446 1276 1487 ab
1299 1445 1544 1487 aduersario
1575 1446 1802 1500 acceperit.

127 1519 180 1561 74
196 1531 380 1573 magnae
430 1518 648 1559 ueteribus
696 1532 822 1559 curae
869 1517 953 1559 fuit
1000 1516 1188 1572 gratiam
1235 1514 1406 1556 dicendi
1454 1529 1504 1556 ex
1542 1514 1717 1569 paribus
1763 1517 1806 1555 et
1823 1528 1857 1553 ‘20

195 1586 420 1628 contrariis
452 1586 688 1642 adquirere.
733 1586 916 1642 Gorgias
948 1587 994 1627 in
1025 1585 1105 1626 hoc
1132 1583 1386 1638 inmodicus,
1421 1583 1630 1638 copiosus,
1664 1585 1805 1625 aetate

193 1655 340 1710 utique
373 1655 525 1709 prima,
558 1655 771 1697 Isocrates
802 1654 900 1696 fuit.
944 1654 1181 1695 delectatus
1205 1653 1269 1693 est
1299 1651 1366 1693 his
1389 1652 1519 1693 etiam
1542 1651 1600 1693 M.
1624 1651 1803 1707 Tullius,

194 1737 344 1764 uerum
387 1725 429 1765 et
466 1723 638 1765 modum
679 1723 877 1765 adhibuit
914 1737 1002 1764 non
1040 1723 1261 1777 ingratae,
1302 1720 1386 1761 nisi
1427 1722 1549 1775 copia
1580 1720 1803 1775 redundet,

194 1791 409 1847 uoluptati
442 1794 484 1833 et
515 1807 605 1833 rem
637 1792 795 1847 alioqui
832 1791 971 1832 leuem
1010 1790 1324 1832 sententiarum
1365 1789 1554 1844 pondere
1592 1788 1802 1843 impleuit.

193 1875 296 1901 nam
334 1875 410 1915 per
449 1875 492 1901 se
532 1860 693 1915 frigida
731 1862 774 1901 et
804 1859 947 1901 inanis
984 1858 1238 1912 adfectatio,
1283 1872 1378 1899 cum
1416 1858 1463 1899 in
1502 1857 1614 1899 acris
1651 1857 1805 1899 incidit
1822 1874 1856 1900 25

194 1942 357 1983 sensus,
390 1928 589 1970 innatam
619 1934 797 1980 qratiam
828 1928 1000 1970 uidetur
1030 1927 1202 1981 habere,
1234 1941 1323 1968 non
1354 1925 1617 1968 arcessitam.

285 2070 317 2100 3.
345 2066 421 2101 Cic.
451 2069 487 2099 in
514 2068 594 2100 Cat.
621 2070 649 2109 I,
678 2070 730 2108 12,
757 2070 811 2101 30.
905 2070 937 2102 5.
965 2069 1013 2100 ib.
1041 2068 1070 2110 Ι,
1099 2068 1154 2109 11,
1181 2068 1235 2099 27.
1354 2068 1385 2098 9.
1415 2076 1459 2098 ex
1485 2068 1632 2099 oratore
1656 2080 1701 2093 =
1727 2065 1804 2099 Cic.

193 2114 291 2146 Phil.
317 2113 389 2156 III,
416 2116 448 2155 9,
475 2116 529 2146 22.
628 2116 680 2148 10.
706 2115 812 2147 Rhet.
840 2114 886 2146 ad
912 2115 1001 2148 Her.
1027 2114 1061 2154 4,
1088 2114 1142 2145 22.

287 2242 303 2272 1
330 2240 400 2273 hoc
426 2251 505 2273 nos:
532 2240 626 2272 haec
653 2238 756 2283 (hec)
781 2241 900 2280 AGM,
927 2240 1023 2271 hanc
1050 2240 1101 2274 ὃς
1230 2236 1443 2269 intellectus
1468 2238 1498 2269 A
1522 2243 1555 2270 el
1581 2239 1723 2280 Regius:
1751 2239 1805 2270 in-

193 2286 371 2318 tellectus
398 2290 433 2318 et
459 2287 558 2318 GMS
652 2289 671 2318 3
699 2287 811 2318 reiA:
840 2297 876 2318 re
896 2287 994 2316 GMS
1088 2286 1109 2316 4
1136 2284 1291 2325 csiprimi
1308 2282 1350 2314 A¹
1446 2284 1466 2315 5
1492 2285 1805 2326 propositionibus

192 2333 329 2363 AGMS
423 2334 442 2364 6
470 2332 531 2364 sed
559 2332 691 2364 missus
716 2333 854 2364 AGMS
950 2333 968 2363 7
995 2332 1106 2363 sensi]
1132 2329 1212 2361 AlG
1321 2330 1341 2360 8
1367 2328 1508 2361 leuiora
1534 2331 1587 2362 ed.
1615 2330 1727 2372 Camp.
1755 2330 1804 2361 ie-

192 2380 274 2409 uior
299 2381 316 2410 e
341 2379 427 2418 AM,
456 2378 635 2410 leuiorem
661 2379 716 2410 Gs
825 2380 844 2409 9
871 2389 914 2409 ex
940 2380 1086 2409 oratore
1113 2379 1237 2408 orator
1262 2376 1344 2413 GM,
1372 2386 1415 2406 ex
1442 2378 1589 2407 aratore
1615 2380 1740 2408 orator
1763 2377 1804 2414 A,

194 2434 237 2455 ex
264 2425 433 2455 oratione
461 2427 585 2456 orator
609 2425 628 2455 S
723 2426 764 2456 10
790 2434 835 2455 ne
862 2435 896 2465 p.
923 2420 970 2465 c.]
998 2425 1088 2464 nepe
1118 2424 1201 2464 (pro
1229 2432 1273 2452 ne
1300 2422 1417 2463 ,ῙΪἿἮ
1436 2421 1573 2452 AGMS
1675 2423 1714 2453 11
1742 2421 1804 2453 sed

192 2480 274 2501 nos:
301 2471 354 2501 sic
381 2470 461 2501 libri
542 2470 727 2511 contingit
751 2471 787 2500 S:
816 2469 974 2511 contigit
991 2469 1099 2499 AGM
1179 2469 1218 2498 12
1246 2466 1364 2507 aliqui
1381 2467 1463 2498 AG:
1491 2467 1628 2508 aliquis
1653 2469 1712 2507 ὃς,
1740 2467 1805 2499 ali-

193 2515 285 2556 quod
312 2516 348 2545 M
442 2516 531 2548 eade
559 2526 602 2547 ex
629 2514 687 2556 (6ο
706 2515 846 2556 GMSa)
874 2525 946 2547 non
972 2514 1122 2546 dissona
1139 2513 1285 2549 AGMS,
1313 2522 1403 2543 uoce
1430 2513 1564 2545 addidit
1589 2513 1722 2549 Chris&
1749 2523 1805 2544 co-

193 2561 274 2592 dem
303 2572 347 2592 cx
374 2561 487 2593 uerbo
513 2572 585 2593 non
613 2561 799 2594 dissonam
826 2561 950 2601 Regius
975 2565 1009 2591 el
1035 2568 1055 2594 ς
1150 2559 1289 2600 accipit
1315 2558 1395 2589 libri
1489 2560 1530 2590 13
1556 2559 1746 2600 prohibeat
1761 2558 1802 2593 A,

191 2607 364 2648 prohibet
381 2608 416 2637 M
512 2609 553 2639 15
579 2608 791 2638 moriturum
818 2607 887 2637 GM
985 2606 1024 2637 16
1050 2605 1213 2637 redierat
1237 2604 1266 2634 A
1292 2605 1324 2634 in
1351 2614 1420 2635 ras.
1492 2607 1532 2635 ut
1555 2605 1609 2635 M:
1635 2604 1690 2635 uti
1713 2604 1805 2634 AGS

283 2653 506 2684 iininoriaris
531 2654 560 2683 A
585 2654 617 2684 in
642 2664 713 2685 ras.
741 2652 944 2684 immoreris
963 2652 993 2691 S,
1018 2651 1102 2691 fort.
1128 2649 1336 2682 immoriare
1433 2650 1473 2681 17
1500 2649 1679 2681 tantulum
1706 2648 1805 2689 Spal-

191 2699 287 2739 (lz'ngy,
312 2700 375 2730 sed
396 2699 573 2736 serendam
598 2700 733 2730 uidetur
757 2701 912 2738 tantum,
937 2699 969 2729 si
991 2701 1108 2728 uerius
1134 2699 1223 2727 ‘nur
1249 2705 1288 2726 so
1313 2695 1372 2726 vic
1484 2696 1525 2726 18
1551 2694 1613 2726 sed
1640 2693 1742 2725 uelut
1767 2696 1804 2725 S:

192 2743 253 2774 sed
280 2751 323 2774 *ιιι
348 2744 453 2775 uelut
477 2745 517 2783 A,
547 2744 612 2776 sed
637 2748 677 2775 ut
703 2743 806 2776 uelut
832 2744 903 2774 GM
1033 2744 1073 2774 19
1101 2742 1197 2773 alter
1223 2751 1287 2772 suo
1313 2741 1389 2778 AG,
1418 2740 1527 2772 aliter
1553 2750 1618 2771 suo
1643 2740 1718 2777 MS,
1745 2750 1804 2771 em.

190 2789 315 2829 Regyz'zts
424 2791 467 2821 20
493 2800 650 2832 magnae
676 2790 706 2820 A
730 2792 764 2821 in
788 2800 859 2821 ras.
958 2799 1001 2819 cx
1027 2799 1107 2820 ⁷208:
1134 2791 1171 2819 ct
1196 2786 1314 2826 AGM,
1343 2796 1360 2817 e
1386 2787 1434 2820 ὃς
1529 2788 1566 2816 et
1589 2785 1629 2826 A,
1656 2790 1691 2816 ut
1716 2787 1803 2817 coni.

192 2834 363 2866 Rollinus:
389 2845 452 2868 om.
479 2836 575 2867 GMS
692 2838 732 2867 21
761 2835 948 2876 atquirere
974 2835 1003 2864 A
1097 2834 1134 2864 in
1161 2833 1227 2864 hoc
1253 2841 1313 2864 om.
1333 2832 1359 2861 G
1386 2833 1457 2862 Im.
1559 2832 1600 2861 22
1627 2831 1752 2872 itaque
1779 2831 1806 2862 G

192 2882 265 2914 1⁷11.
294 2885 326 2911 et
345 2881 381 2910 M
475 2883 518 2912 24
543 2881 728 2913 uoluntati
755 2881 825 2912 GM
919 2881 961 2911 25
988 2879 1083 2910 acris
1109 2880 1190 2910 mei:
1219 2886 1321 2908 acres
1347 2884 1367 2911 ς
1460 2876 1503 2907 26
1529 2875 1658 2907 innata
1685 2876 1803 2916 (inna-

191 2928 264 2955 tam
290 2925 324 2964 a)
350 2925 497 2957 uidetur
522 2926 659 2958 habere
684 2937 756 2958 non
785 2926 999 2957 arcessitam
1027 2925 1117 2965 (-ita
1141 2924 1175 2964 S)
1201 2922 1361 2960 AGMS‚
1391 2922 1522 2953 innata
1554 2920 1699 2954 uidetur
1725 2931 1805 2954 csso

189 2980 260 3001 non
285 2971 465 3002 arcessita
488 2980 528 3013 53
554 2972 700 3004 Meister
724 2972 806 3004 bene
831 2972 966 3004 addidit
990 2970 1159 3012 gratiam,
1183 2967 1251 3001 sed
1278 2973 1358 3010 post
1385 2968 1601 3000 arcessitam
