1939 3228
804 166 866 197 1x.
900 165 934 210 2,
959 162 1061 194 77—
1076 161 1132 194 87.
1688 149 1764 190 141

168 273 341 330 quidam
381 271 626 325 damnauit,
668 272 789 325 optat
818 284 873 310 ne
904 269 939 310 is
976 269 1248 322 torqueatur:
1284 268 1408 321 pater
1447 266 1596 306 contra
1627 263 1767 305 dicit’.

168 357 294 385 nemo
326 356 370 383 se
399 341 540 383 tenuit
571 353 704 395 agens
735 352 812 394 pro
842 339 989 392 patre,
1024 336 1126 391 quin
1157 335 1319 390 figuras
1349 334 1395 375 in
1425 332 1560 374 filium
1591 331 1767 385 faceret,
1784 331 1838 372 82

167 413 389 465 tamquam
430 409 550 450 illum
591 408 805 449 conscium
837 406 882 446 in
919 404 1142 446 tormentis
1182 403 1495 444 nominaturus.
1557 415 1639 456 quo
1670 388 1771 454 quid

168 477 373 521 stultius?
403 492 505 520 nam
535 491 630 518 cum
650 475 731 516 hoe
760 473 921 515 iudices
951 472 1257 525 intellexerint,
1291 472 1364 512 aut
1383 484 1470 512 non
1491 468 1770 524 torquebitur,

134 563 150 587 5
171 562 266 589 cum
296 546 391 588 ideo
420 544 610 600 torqueri
641 543 760 597 uelit,
794 544 868 583 aut
896 544 1010 582 torto
1031 555 1119 581 non
1152 539 1358 580 credetur.
1402 540 1444 579 at
1476 536 1676 579 credibile
1708 537 1773 576 est

167 615 248 657 1100
280 630 375 656 011111
406 614 529 656 110110.
571 613 776 654 fortasse:
808 608 1046 652 dissimulet
1077 622 1193 663 ergo,
1226 609 1273 648 ut
1304 606 1476 648 efficiat.
1526 605 1600 647 sed
1630 603 1839 657 nobis,82‘›

170 682 526 725 declamatoribus
558 681 674 735 dico,
716 679 816 735 quid
847 677 1036 734 proderit
1065 676 1145 718 hoc
1176 675 1461 729 intellexisse,
1507 673 1591 714 nisi
1622 671 1773 713 dixeri-

169 751 293 793 mus?
343 765 464 806 ergo,
511 750 544 792 si
586 763 684 790 uere
730 750 951 803 ageretur,
993 745 1190 787 similiter
1230 743 1454 785 consilium
1492 741 1596 783 illud
1633 740 1773 780 latens

170 818 536 875 prodidissemus‘?
567 817 714 873 quid?
732 817 767 858 si
789 830 925 871 neque
950 815 1096 869 utique
1128 827 1275 854 uerum
1298 814 1374 866 est,
1407 813 1449 852 et
1479 809 1636 851 habere
1669 808 1774 849 alias

121 906 152 931 ιο
170 888 241 930 1110
273 888 501 929 damnatus
534 884 855 927 contradicendi
895 898 1043 925 causas
1074 884 1230 938 potest,
1264 880 1333 922 uel
1363 879 1474 935 quod
1504 878 1644 934 legem
1677 891 1773 918 con-

173 955 427 999 seruandam
465 956 622 1010 putet„
650 953 717 994 uel
756 952 867 1008 quod
905 952 1013 993 nolit
1052 949 1288 992 accusatori
1320 948 1472 989 debere
1504 946 1771 999 beneficium,

173 1025 261 1079 uel,
309 1023 421 1079 quod
465 1037 544 1078 ego
590 1022 773 1062 maxime
819 1035 1037 1076 sequerer,
1091 1022 1138 1060 ut
1183 1019 1458 1059 innocentem
1505 1030 1548 1057 se
1594 1029 1683 1056 0550
1727 1014 1774 1054 in

175 1093 403 1135 tormentis
434 1090 693 1147 pertendat?
724 1104 853 1144 quare
886 1103 939 1130 ne
961 1088 1064 1129 illud
1093 1087 1263 1143 quidem
1286 1099 1452 1139 semper
1474 1084 1692 1126 succurret
1713 1082 1773 1123 sic
1789 1088 1843 1130 84

175 1161 437 1204 dicentibus:
472 1158 784 1214 ‘patrocinium
815 1157 896 1199 hoc
927 1156 1061 1198 uoluit
1073 1189 1083 1211 ,
1124 1155 1195 1210 qui
1236 1153 1571 1196 controuersiam
1611 1152 1773 1193 finxit’.

123 1248 155 1273 15
174 1230 357 1272 fortasse
389 1229 503 1271 enim
534 1227 687 1281 noluit,
721 1226 793 1268 sed
825 1229 915 1267 esto
937 1225 1139 1266 uoluerit:
1173 1223 1446 1276 continuone,
1478 1222 1513 1263 si
1545 1221 1615 1262 ille
1647 1220 1776 1261 stulte

176 1298 396 1354 cogitauit,
429 1297 553 1339 nobis
584 1310 750 1352 quoque
786 1294 916 1336 stulte
956 1294 1181 1335 dicendum
1219 1291 1313 1334 est‘?
1356 1294 1399 1332 at
1437 1305 1516 1345 ego
1553 1290 1597 1331 in
1639 1288 1776 1330 causis

176 1367 355 1423 agendis
376 1366 623 1421 frequenter
643 1380 731 1407 non
762 1366 866 1419 puto
897 1363 1166 1416 intuendum,
1200 1360 1299 1416 quid
1329 1359 1524 1415 litigator
1554 1357 1670 1399 uelit.
1714 1358 1777 1397 est
1791 1364 1845 1405 85

176 1439 218 1478 et
248 1436 320 1477 1110
351 1435 394 1476 111
428 1435 507 1476 1100
540 1448 697 1489 genere
737 1433 937 1488 frequens
977 1446 1115 1485 error,
1163 1433 1210 1471 ut
1242 1430 1394 1484 putent
1426 1426 1539 1468 aliud
1572 1425 1774 1481 quosdam

176 1505 337 1558 dicere,
373 1503 486 1544 aliud
518 1502 648 1557 110110,
696 1501 924 1557 praecipue
961 1515 1056 1542 cum
1094 1500 1138 1540 in
1179 1498 1369 1548 themate
1409 1499 1472 1538 est
1511 1495 1694 1549 aliquem
1732 1496 1779 1533 111

125 1591 157 1616 20
177 1573 257 1614 sibi
289 1573 392 1613 mori
428 1571 555 1613 liceat
585 1570 813 1626 postulare,
846 1572 893 1610 ut
924 1569 966 1610 in
1000 1569 1073 1609 1110
1106 1566 1397 1610 controuersia
1430 1564 1525 1619 ‘qui
1549 1562 1778 1618 aliquando

176 1641 347 1683 fortiter
376 1640 540 1682 fecerat
572 1642 613 1681 et
645 1638 728 1680 alio
766 1637 877 1679 bello
908 1638 1114 1693 petierat,
1149 1639 1196 1677 ut
1226 1635 1381 1676 militia
1411 1634 1586 1674 uacaret
1617 1646 1638 1672 e
1669 1630 1778 1685 lege,

178 1710 289 1766 quod
311 1708 706 1765 quinquagenarius
729 1709 853 1761 05501,
888 1706 1145 1747 aduersante
1176 1705 1262 1746 filio
1284 1704 1345 1745 ire
1367 1704 1413 1744 in
1444 1702 1578 1743 aciem
1610 1702 1778 1741 coactus

177 1779 377 1820 deseruit.
439 1777 564 1832 filius,
597 1776 668 1832 qui
699 1776 869 1817 fortiter
908 1775 1053 1816 codem
1091 1774 1252 1829 proelio
1291 1773 1472 1825 fecerat,
1511 1768 1780 1811 incolumita-

176 1849 264 1889 tem
296 1847 385 1889 eius
415 1848 553 1900 optat:
596 1847 745 1887 contra
777 1844 881 1886 dicit
911 1846 1071 1898 patcr’.
1114 1858 1201 1884 non
1235 1842 1369 1895 enim,
1411 1839 1633 1894 inquiunt,
1674 1837 1781 1878 mori

127 1934 159 1959 ‘25
178 1916 294 1970 uult,
342 1915 415 1957 sed
459 1914 668 1955 inuidiam
713 1913 801 1955 filio
839 1914 994 1954 facere.
1058 1911 1252 1967 equidem
1296 1909 1437 1963 rideo,
1477 1907 1587 1963 quod
1626 1906 1688 1947 illi
1720 1906 1849 1954 51081)Ι

177 1985 333 2026 timent
361 1986 581 2039 tamquam
612 1982 693 2037 ipsi
723 1981 918 2023 morituri
940 1984 983 2022 et
1013 1981 1058 2022 in
1089 1980 1314 2021 consilium
1335 1992 1431 2019 suos
1452 1978 1589 2017 metus
1619 1975 1779 2029 ferunt,

180 2053 302 2095 obliti
334 2055 399 2094 tot
430 2051 718 2107 exemplorum
751 2051 863 2092 circa
894 2049 1182 2091 uoluntariam
1213 2050 1404 2100 mortem,
1438 2059 1660 2087 causarum
1683 2058 1782 2099 quo-

180 2137 273 2177 que,
306 2136 410 2177 quas
440 2120 571 2162 habet
602 2120 740 2161 factus
773 2134 823 2160 ex
855 2120 947 2160 uiro
978 2118 1078 2159 forti
1116 2118 1318 2158 desertor.
1381 2115 1454 2156 scd
1486 2114 1536 2155 de
1568 2129 1653 2155 una
1685 2125 1782 2153 con·
1796 2118 1848 2160 87

179 2190 388 2232 trouersia
418 2189 535 2244 loqui
573 2203 884 2244 superuacuum
916 2190 992 2228 est.
1055 2200 1134 2242 ego
1165 2186 1210 2227 in
1248 2184 1496 2227 uniuersum
1526 2197 1662 2237 neque
1693 2196 1783 2222 ora-

129 2279 162 2303 30
180 2259 286 2300 toris
316 2261 421 2315 puto
452 2273 542 2299 esse
574 2272 774 2312 umquam
804 2256 1107 2312 praeuaricari,
1144 2268 1281 2309 neque
1313 2253 1432 2295 litem
1470 2251 1696 2305 intellego,
1737 2250 1783 2291 in

276 2389 289 2417 1
319 2386 466 2427 quidam
492 2385 682 2416 damnauit
705 2385 748 2417 B:
777 2385 837 2425 qui
865 2383 1061 2416 accusauit
1085 2382 1176 2423 AM,
1202 2382 1265 2413 secl
1288 2381 1317 2412 A
1342 2392 1381 2411 m.
1397 2382 1417 2411 2
1442 2381 1475 2411 in
1500 2390 1571 2411 ras.
1599 2377 1660 2420 qui
1685 2375 1782 2409 dam-

182 2432 285 2464 nauit
312 2431 455 2463 Obrecht
548 2433 567 2462 ‘2
596 2431 738 2462 faceret
765 2434 801 2461 et
825 2431 888 2461 Mb
988 2431 1008 2461 3
1034 2429 1282 2460 nominaturus
1310 2437 1380 2468 quo
1407 2425 1492 2467 quid
1516 2424 1546 2456 A
1570 2426 1603 2456 in
1628 2435 1698 2455 ras.
1726 2423 1782 2454 mi—

183 2480 276 2510 noris
299 2479 414 2518 spatii.
441 2487 476 2509 11.
503 2486 609 2518 quoq.
637 2477 671 2517 b,
699 2487 732 2509 n.
760 2486 830 2516 quo
857 2474 1002 2517 quidem
1028 2475 1063 2505 M
1162 2475 1183 2504 4
1210 2483 1288 2504 eum
1314 2473 1344 2502 A
1369 2473 1402 2503 in
1426 2482 1495 2502 ras.
1613 2472 1633 2501 5
1659 2469 1783 2500 crede-

183 2530 238 2555 tur
253 2524 294 2563 A,
322 2522 534 2554 crederetur
557 2523 578 2552 b
674 2526 711 2553 at
728 2522 771 2552 B:
800 2525 836 2553 et
852 2522 923 2551 AM
1017 2519 1230 2551 credibilcst
1247 2519 1273 2549 B
1367 2518 1386 2548 6
1413 2517 1528 2548 fortas
1544 2517 1564 2547 b
1659 2516 1678 2546 S
1705 2515 1784 2545 siue

184 2572 357 2610 ageretur
380 2569 410 2599 A
506 2569 543 2598 11
572 2565 673 2599 nolet
697 2568 797 2598 AMb
909 2568 948 2597 12
975 2570 1015 2597 ut
1040 2565 1117 2606 (om.
1143 2566 1193 2604 M)
1221 2566 1397 2596 innocens
1425 2573 1504 2594 esse
1532 2563 1569 2592 in
1595 2560 1785 2592 tormentis

183 2615 296 2655 AMb,
323 2618 363 2646 ut
390 2624 427 2645 se
455 2613 491 2644 in
518 2614 710 2644 tormentis
736 2613 972 2644 innocentem
998 2621 1077 2643 esse
1103 2611 1128 2642 B
1248 2612 1288 2641 13
1314 2608 1534 2651 praetendat
1560 2608 1641 2638 (lece.
1745 2607 1785 2636 14

185 2661 246 2702 qui
271 2660 515 2702 patrocinium
541 2659 579 2699 b,
614 2662 756 2700 patroc.
789 2658 856 2689 hoc
883 2657 1002 2689 uoluit
1026 2658 1055 2688 A
1080 2659 1098 2687 1
1117 2668 1157 2688 m.
1185 2659 1217 2687 z'n
1243 2666 1312 2687 ras.
1338 2656 1400 2686 sed
1428 2658 1508 2695 post
1541 2656 1678 2694 patroc·
1708 2651 1785 2691 fere

183 2717 248 2738 seae
272 2707 419 2746 litterae,
442 2709 521 2746 post
549 2704 665 2736 uoluit
689 2705 828 2736 circiter
853 2705 1027 2735 duodecim
1052 2713 1174 2734 erasae
1190 2707 1266 2733 sunt
1361 2700 1423 2741 qui
1439 2718 1483 2722 -—
1500 2698 1658 2730 uoluerit
1674 2707 1735 2730 om.
1750 2697 1785 2726 M

277 2752 316 2782 16
344 2752 511 2792 cogitant
534 2751 555 2781 b
650 2760 715 2781 nos
741 2750 805 2780 Mb
923 2750 963 2780 17
990 2748 1156 2789 litigator
1181 2747 1268 2777 BM:
1295 2746 1434 2777 uticato
1459 2745 1517 2775 Ab
1611 2742 1670 2773 uel
1698 2743 1785 2773 item

189 2797 268 2839 (pr-o
295 2796 386 2828 uelit
412 2796 444 2837 ὗ)
472 2801 508 2828 et
534 2795 597 2827 ille
623 2797 644 2827 b
763 2797 803 2827 ls
830 2798 867 2826 et
892 2805 953 2829 om.
978 2794 1015 2831 B,
1044 2798 1099 2825 est
1127 2798 1162 2824 et
1187 2804 1249 2824 0771.
1275 2793 1311 2821 M
1429 2792 1468 2822 19
1496 2789 1617 2830 alique
1644 2787 1685 2818 ΑΙ

186 2844 226 2874 -21
255 2852 272 2874 e
299 2842 381 2883 lege
406 2841 485 2872 AB:
515 2853 559 2873 ex
585 2842 665 2883 lege
691 2842 755 2875 Mg
855 2841 896 2871 22
925 2840 1139 2871 aduersante
1164 2839 1193 2868 A
1309 2839 1352 2869 25
1378 2840 1414 2868 et
1440 2835 1583 2877 quiden]
1609 2835 1638 2864 A
1731 2832 1786 2863 illi

187 2897 224 2921 ς;
251 2889 322 2929 ipsi
346 2888 454 2918 ABM
547 2888 599 2919 5ἰο
626 2888 816 2919 continent
840 2887 861 2916 b
954 2886 996 2915 26
1022 2885 1092 2925 ipsi
1111 2902 1153 2906 —
1173 2882 1419 2924 exemplorum
1445 2892 1506 2915 om,
1533 2881 1568 2910 M
1663 2879 1787 2910 ferant

187 2933 291 2964 obliti
314 2933 343 2964 A
436 2933 479 2964 28
505 2932 599 2964 forte
618 2933 724 2965 ABM
818 2931 882 2963 sed
909 2931 952 2962 de
978 2940 1051 2961 una
1079 2942 1107 2961 c.
1134 2928 1236 2969 loqui
1263 2938 1406 2969 superu.
1426 2928 1451 2960 B
1477 2932 1510 2958 ut
1536 2927 1622 2958 coni.
1642 2925 1785 2966 1109105.-

188 2977 250 3009 sed
277 2978 319 3009 de
345 2976 401 3020 (in
428 2976 612 3020 Spalding)
638 2988 711 3009 una
739 2989 770 3009 0.
798 2977 901 3019 sequi
927 2976 1149 3007 contrarium
1176 2984 1320 3016 superu.
1340 2974 1411 3003 AM
1504 2974 1546 3003 ’29
1573 2970 1786 3003 1111111015οΑ

278 3025 321 3056 30
347 3034 426 3055 esse
455 3034 562 3055 unam
587 3025 650 3055 Mb
743 3033 862 3065 neque
888 3022 925 3053 in
950 3021 1052 3053 litem
1078 3021 1106 3051 A
