1939 3180
151 77 234 119 316
672 83 967 124 QUINTILIANI
998 83 1117 128 INST.
1151 84 1225 114 on.

150 190 222 232 sed
254 190 307 231 ad
337 188 523 230 hominis
554 187 769 242 pertinetz
806 186 990 237 lacessat
1026 185 1106 228 1100
1137 187 1284 240 1110(10,
1327 200 1451 241 quem
1489 185 1655 227 laedere
1695 186 1752 227 sit

149 257 454 313 periculosum,
495 270 550 296 110
589 257 663 296 aut
700 254 954 297 inimicitiae
993 264 1147 310 graues
1188 254 1472 309 insequantur
1511 256 1585 295 aut
1613 254 1751 309 turpis

150 324 402 368 satisfactio.
463 323 575 365 male
607 323 736 365 etiam
768 323 942 378 dicitur,
976 322 1161 378 quodi-n
1191 323 1325 378 pluris
1357 322 1579 377 conuenit,
1612 322 1647 363 si
1679 323 1753 364 aut

150 394 346 436 nationes
382 393 499 434 totae
538 391 810 433 incessantur
849 394 921 433 aut
962 391 1132 433 ordines
1171 393 1246 432 aut
1277 390 1470 433 condicio
1509 391 1583 431 aut
1613 390 1752 432 studia

82 464 136 505 :35
150 461 394 525 multorum.
457 475 527 515 ea,
561 474 668 515 quae
700 459 813 502 dicet
842 460 910 501 uir
939 460 1096 514 bonus,
1131 460 1274 501 omnia
1305 460 1425 500 salua
1456 458 1669 514 dignitate
1701 473 1750 500 ac
1771 470 1788 496 5

149 529 407 572 uerecundia
438 529 577 570 dicere
610 529 751 570 decet:
783 528 962 570 nimium
995 528 1108 570 enim
1139 529 1250 569 risus
1271 527 1456 582 pretium
1488 528 1571 581 est,
1603 526 1638 568 si
1659 541 1751 581 pro-

149 594 298 640 bitatis
329 597 546 652 impendio
579 599 762 638 constat.

264 666 389 708 Unde
421 667 563 707 autem
595 665 833 707 concitetur
863 665 973 707 risus
1005 667 1048 706 et
1077 665 1229 720 quibus
1268 678 1317 705 ex
1348 663 1452 705 locis
1482 664 1572 718 peti
1603 664 1752 718 soleat,

151 734 453 777 difficillimum
493 734 646 775 dicere.
708 749 810 775 nam
849 734 885 775 si
925 733 1087 788 species
1133 732 1270 774 omnis
1316 732 1513 788 persequi
1557 732 1752 787 uelimus,

82 806 231 847 36nec
262 803 434 844 modum
464 803 725 857 reperiemus
757 804 800 844 et
828 802 990 844 frustra
1020 801 1323 843 laborabimus.
1384 815 1521 856 neque
1544 800 1657 842 enim
1678 801 1753 842 mi-

151 887 232 913 nus
262 870 477 913 numerosi
508 873 610 912 sunt
640 870 736 924 1001,
770 886 819 912 ex
851 871 1004 925 quibus
1035 870 1139 911 haec
1170 870 1298 924 dicta,
1330 884 1455 924 quam
1485 869 1560 923 illi,
1593 883 1643 910 ex
1665 869 1754 923 qui-

151 940 230 981 bus
261 954 357 994 eae,
395 953 499 994 quas
531 939 769 981 sententias
801 953 1022 993 uocamus,
1064 939 1296 992 ducuntur,
1337 952 1474 993 neque
1505 937 1593 979 alii.
1654 952 1755 979 nam

152 1009 221 1050 liic
252 1022 418 1063 quoque
450 1009 514 1049 est
544 1008 739 1049 inuentio
771 1010 814 1049 et
844 1007 1046 1062 elocutio,
1087 1008 1214 1061 atque
1245 1006 1377 1061 ipsius
1409 1005 1659 1048 elocutionis
1690 1006 1755 1047 uis

83 1080 135 1121 37
153 1076 236 1118 alia
266 1078 312 1118 in
342 1075 504 1130 uerbis,
536 1075 619 1116 alia
650 1076 696 1117 in
727 1076 889 1131 figuris.
950 1076 1060 1117 risus
1091 1075 1225 1130 igitur
1255 1075 1449 1116 oriuntur
1480 1076 1555 1115 aut
1585 1089 1635 1115 ex
1668 1077 1754 1116 001·-

151 1159 253 1200 pore
292 1144 402 1198 eius,
444 1144 490 1185 111
531 1159 656 1199 quem
695 1144 894 1197 dicimus,
936 1146 1011 1185 aut
1049 1159 1099 1185 ex
1139 1143 1304 1197 animo,
1346 1143 1417 1197 qui
1455 1142 1583 1184 factis
1622 1142 1675 1184 ab
1707 1157 1755 1184 eo

153 1213 363 1267 dictisque
404 1212 639 1268 colligitur,
680 1214 754 1254 aut
793 1227 843 1254 ex
882 1212 967 1267 liis,
1010 1227 1116 1267 quae
1156 1214 1257 1253 sunt
1289 1213 1408 1252 extra
1439 1211 1601 1266 posita:
1640 1211 1755 1252 intra

153 1284 257 1323 haec
288 1281 403 1323 enim
435 1284 499 1322 est
530 1282 667 1322 omnis
699 1281 978 1336 uituperatio:
1012 1295 1118 1336 quae
1150 1281 1186 1322 si
1214 1279 1388 1335 grauius
1419 1279 1559 1334 posita
1591 1279 1660 1334 sit,
1693 1294 1755 1321 se-

153 1365 254 1392 uera
287 1352 372 1404 est,
406 1350 441 1390 si
472 1349 629 1403 leuius,
664 1349 856 1391 ridicula.
918 1350 1023 1391 llaec
1055 1351 1129 1390 aut
1159 1348 1442 1390 ostenduntur
1474 1349 1547 1389 aut
1577 1362 1755 1389 narran-

84 1423 138 1464 38
153 1421 224 1461 tur
255 1420 329 1459 aut
360 1418 473 1459 dicto
503 1419 722 1459 notantur.
785 1433 929 1459 rarum
960 1420 1036 1472 est,
1068 1419 1114 1458 ut
1146 1417 1278 1459 oculis
1300 1416 1490 1458 subicere
1514 1416 1752 1471 contingat,

152 1490 200 1529 ut
230 1487 334 1528 fecit
365 1486 410 1528 C.
444 1486 597 1528 Iulius:
630 1487 713 1541 qui,
747 1501 841 1528 cum
873 1486 1029 1527 Heluio
1060 1485 1257 1527 Manciae
1289 1484 1457 1539 saepius
1489 1484 1780 1538 obstrepenti*

153 1555 232 1597 sibi
266 1555 426 1596 diceret
437 1556 590 1609 ,stiam
622 1555 844 1596 ostendam
875 1554 1012 1609 qualis
1044 1554 1100 1596 sis
1113 1560 1138 1608 ’,
1169 1554 1289 1609 isque
1319 1553 1448 1608 plane
1478 1553 1662 1593 instaret
1692 1552 1755 1594 in-

154 1623 466 1678 terrogatione,
498 1623 666 1678 qualem
696 1623 870 1664 tandem
901 1638 945 1664 se
976 1625 1222 1664 ostensurus
1254 1623 1385 1675 esset,
1419 1621 1554 1676 digito
1586 1621 1755 1662 demon-

154 1692 309 1734 strauit
347 1691 581 1746 imaginem
613 1691 727 1733 Galli
766 1692 809 1733 in
849 1694 968 1733 scuto
1007 1691 1219 1734 Cimbrico
1256 1690 1437 1745 pictam,
1479 1689 1543 1730 cui
1583 1689 1756 1730 Mancia

154 1763 246 1801 tum
276 1760 515 1801 simillimus
548 1762 612 1802 est
642 1760 770 1801 uisus.
833 1760 1038 1801 tabernae
1070 1761 1212 1800 autem
1244 1760 1367 1800 erant
1400 1758 1512 1799 circa
1542 1757 1681 1798 forum
1705 1772 1754 1798 ac

86 1833 141 1874 39
155 1831 322 1870 scutum
354 1828 456 1869 illud
489 1828 602 1883 signi
634 1829 776 1883 gratia
806 1828 1005 1883 positum.
1067 1842 1259 1880 narrare,
1292 1841 1400 1881 quae
1432 1826 1544 1867 salsa
1575 1825 1676 1879 sint,
1709 1825 1754 1866 in
1775 1840 1788 1862 ι’

155 1896 304 1952 primis
336 1898 401 1937 est
437 1896 592 1938 subtile
632 1898 674 1937 et
711 1896 962 1950 oratorium,
1003 1898 1050 1937 ut
1081 1895 1228 1938 Cicero
1264 1909 1341 1950 pro
1373 1894 1569 1937 Cluentio
1608 1895 1758 1935 narrat

156 1966 206 2007 de
239 1964 445 2019 Caepasio
476 1967 601 2019 atque
632 1964 828 2006 Fabricio
859 1966 932 2006 aut
963 1964 1020 2006 M.
1055 1963 1223 2006 Caelius
1254 1963 1305 2004 de
1336 1963 1409 2004 illa
1438 1962 1492 2004 D.
1525 1961 1641 2004 Laeli
1675 1962 1755 2003 col-

248 2072 303 2102 20.
332 2069 408 2102 Cic.
434 2069 477 2101 de
505 2069 605 2102 Orat.
631 2071 663 2111 2,
690 2070 745 2110 66,
770 2070 849 2104 266,

250 2163 265 2192 1
293 2161 459 2193 homines
484 2159 524 2191 A¹
622 2162 641 2191 2
668 2161 909 2201 insequantur
934 2162 1015 2192 MS:
1042 2160 1237 2201 inseq'ntur
1261 2160 1301 2200 A,
1329 2159 1570 2199 insequentur
1595 2159 1633 2199 G,
1660 2158 1754 2189 inse-

158 2210 317 2249 quuntur
342 2216 366 2246 g
458 2209 478 2238 3
504 2205 626 2248 plures
652 2207 745 2240 Μὸς
838 2207 859 2237 4
885 2206 1049 2238 conditio
1074 2207 1138 2236 AG
1247 2206 1267 2237 5
1293 2204 1399 2236 salua
1424 2205 1478 2235 etl.
1506 2204 1620 2245 Gamp.
1648 2203 1756 2235 sallia

157 2254 274 2289 AGM,
303 2252 416 2284 salita
441 2260 471 2291 a,
499 2251 601 2283 salsa
628 2253 647 2281 S
741 2252 760 2282 6
786 2251 909 2283 dicere
937 2252 1044 2283 (lecet
1070 2262 1147 2282 nos:
1175 2252 1282 2282 decet
1306 2251 1456 2289 AGSM,
1485 2249 1586 2280 dicct
1609 2250 1687 2280 edd.

158 2300 176 2331 7
203 2297 408 2340 conpendio
435 2298 491 2327 GS
630 2302 705 2337 pose
734 2300 878 2328 constat
903 2299 936 2328 in
961 2299 990 2328 A
1013 2302 1140 2338 septem
1164 2298 1240 2336 fere
1266 2297 1401 2327 litterae
1427 2306 1548 2327 erasae
1573 2300 1649 2326 sunt

158 2346 178 2376 8
206 2344 411 2375 concitetur
437 2353 515 2375 7108:
543 2343 761 2374 concilietur
787 2342 865 2374 libri
889 2344 933 2381 ef.
961 2344 1009 2375 ml
1025 2344 1042 2381 ξ
1061 2345 1104 2374 25
1197 2343 1269 2382 peti
1292 2341 1409 2373 soleat
1427 2342 1455 2371 A
1548 2341 1568 2372 9
1594 2349 1718 2372 omnes
1735 2347 1756 2374 ς

251 2391 292 2421 10
317 2388 566 2420 laborauimus
593 2388 630 2428 G,
658 2388 867 2420 laboramus
885 2389 920 2418 M
1017 2390 1051 2418 11
1082 2388 1150 2419 loci
1176 2388 1267 2419 ch
1364 2388 1402 2417 12
1430 2397 1495 2417 eae
1524 2386 1665 2427 li'effl'us:
1693 2394 1756 2416 eas

158 2436 246 2475 libri,
273 2435 336 2465 sed
358 2435 387 2464 A
413 2445 473 2465 eas
567 2433 617 2464 ali
642 2432 686 2463 Α2
781 2434 821 2465 13
846 2434 984 2464 locutio
1009 2431 1049 2463 Α1
1171 2434 1210 2464 14
1237 2433 1329 2463 risus
1354 2433 1382 2462 A
1408 2433 1440 2462 in
1465 2442 1534 2463 ras.
1630 2433 1695 2461 aut
1719 2430 1756 2460 in

159 2491 307 2522 corpore
334 2481 436 2510 GMS
578 2480 617 2511 16
645 2479 824 2520 dictisque
851 2480 901 2510 M:
934 2478 1042 2510 dietis
1069 2479 1130 2519 qui
1156 2480 1200 2519 G,
1227 2478 1352 2509 «licitis
1378 2477 1439 2518 qui
1472 2475 1555 2518 (que
1582 2475 1688 2516 corr.)
1714 2476 1754 2515 A,

160 2526 283 2557 «lictus
309 2526 370 2566 (101
395 2526 415 2555 S
516 2526 611 2556 inter
637 2525 762 2555 GMSa
787 2525 901 2563 (intra
926 2542 968 2546 —
994 2525 1114 2565 posita
1140 2536 1200 2555 om.
1225 2524 1296 2554 AM
1317 2534 1373 2564 pr.
1399 2522 1457 2562 m.)
1575 2522 1614 2552 17
1641 2520 1757 2552 omnis

160 2573 185 2601 G
210 2583 236 2601 s.
262 2573 283 2605 Ι,
379 2570 499 2612 posita
525 2573 581 2602 est
605 2571 711 2601 malim
806 2570 927 2601 siuera
951 2568 1006 2610 A¹,
1034 2570 1132 2601 seria
1159 2571 1280 2609 [lessius
1399 2570 1437 2600 19
1464 2567 1560 2598 dicto
1585 2566 1630 2596 A:
1657 2566 1756 2596 «licta

161 2618 270 2655 GMa,
299 2616 413 2656 digito
440 2617 459 2645 S
553 2619 593 2646 ut
616 2615 695 2646 AG:
725 2618 789 2646 aut
814 2616 866 2646 uel
892 2617 1013 2645 autem
1040 2617 1123 2647 dett.
1150 2616 1284 2655 (autem
1310 2617 1349 2644 ut
1376 2613 1410 2654 S)
1515 2613 1558 2643 ‘20
1584 2610 1754 2641 Manciae

165 2663 316 2701 l’isshizcs:
343 2662 510 2702 mancipe
537 2661 614 2692 libri
751 2661 791 2691 21
820 2660 963 2691 (liceret
988 2661 1058 2691 iam
1087 2660 1229 2701 Remus.-
1262 2659 1384 2690 ‹lieere
1410 2658 1520 2688 etiam
1546 2656 1588 2695 A,
1616 2654 1757 2685 (liceret

162 2708 270 2738 etiam
297 2708 421 2746 (ἔδεις,
450 2707 521 2737 iam
549 2718 609 2739 0111.
636 2707 686 2745 Μ;
713 2706 758 2746 ef.
777 2706 846 2737 Cio.
866 2707 907 2737 ‘lt’
927 2706 1023 2737 Orat.
1046 2706 1097 2742 ll,
1117 2708 1134 2744 ξ
1154 2708 1219 2736 260·
1351 2705 1452 2744 isque
1478 2702 1506 2732 A
1532 2712 1622 2734 corr.
1649 2711 1694 2731 αις
1719 2700 1755 2731 id

162 2751 319 2793 (11ιειο(“.))
399 2753 552 2783 instaret
570 2752 598 2781 A
692 2754 734 2782 212.
762 2751 903 2791 qualem
931 2752 1077 2782 tandem
1099 2752 1238 2791 liegsz'zm:
1265 2748 1407 2790 qualem
1435 2747 1545 2778 talem
1564 2746 1638 2784 AG,
1667 2756 1753 2786 qua-

163 2798 231 2827 lem
258 2800 381 2829 tamen
408 2799 439 2837 S,
466 2797 610 2838 qualem
638 2799 700 2830 Μς
794 2796 909 2836 digito
927 2797 1037 2827 MSa:
1065 2797 1177 2827 (licito
1202 2795 1265 2825 AG
1357 2795 1399 2824 23
1426 2791 1600 2823 cimbrico
1619 2791 1754 2832 pictam

163 2844 244 2872 MS:
272 2843 445 2873 cimbrico
472 2842 631 2883 (cibrim
657 2841 714 2881 ΑΙ)
743 2842 880 2882 pictam
905 2842 944 2880 A,
973 2842 1098 2872 cimbri
1126 2840 1310 2882 eopiatam
1336 2839 1362 2868 G
1468 2846 1640 2877 manceps
1666 2836 1754 2874 libri,

162 2889 266 2918 sedA
286 2898 324 2928 ps
351 2889 382 2918 in
409 2899 477 2920 ras.
574 2889 616 2918 24
643 2898 684 2918 av
709 2890 850 2918 scutum
867 2887 896 2917 A
922 2885 1000 2927 (aut
1027 2898 1074 2918 se.
1097 2885 1178 2925 A¹‘r’)
1273 2885 1314 2915 27
1343 2882 1515 2923 caepasio
1533 2882 1580 2914 A:
1607 2881 1755 2921 cepasio

164 2934 237 2963 rell.
265 2938 296 2963 ec
322 2940 342 2966 ς
435 2932 559 2964 Laelii
585 2940 605 2966 ς
699 2931 865 2974 collegae
893 2942 985 2973 (11100
1012 2931 1102 2972 A¹G,
1131 2929 1274 2971 collega
1301 2939 1368 2970 que
1395 2929 1441 2967 M,
1470 2927 1612 2967 college
1640 2928 1659 2957 S

1774 813 1806 838 10

1776 1154 1806 1179 15
