1987 3212
220 105 299 146 120
743 110 1037 150 QUINTILIANI
1070 110 1188 140 INST.
1223 110 1297 139 oa.

339 234 394 260 ac
426 216 598 259 ueluti
631 214 810 269 pueris
843 212 1119 254 absinthia
1150 213 1326 252 taetra
1357 210 1632 251 medentes

340 301 450 328 cum
481 285 607 325 dare
640 283 922 334 conantur,
954 280 1104 334 prius
1136 294 1251 320 oras
1282 278 1472 333 pocula
1505 278 1697 319 circum

339 353 669 408 inspergunt
698 348 874 391 mellis
907 347 1049 388 d-ulci
1080 347 1332 406 flauoque
1363 345 1568 400 liquore

136 422 141 426 ⁵
179 422 264 465 5et
295 436 402 477 quae
435 421 650 462 secuntur.
710 417 782 458 sed
813 430 891 457 nos
922 429 1147 469 ueremur,
1179 428 1233 470 ne
1264 426 1415 468 parum
1446 413 1515 455 hic
1546 412 1653 454 liber
1682 412 1820 453 mellis

221 493 263 532 et
295 488 484 531 absinthi
505 487 687 529 multum
708 485 864 526 habere
886 483 1096 536 uideatur,
1124 475 1268 537 'sitque
1291 481 1500 524 salubrior
1521 480 1671 522 studiis
1693 494 1821 534 quam
1839 495 1854 520 5

222 558 397 599 dulcior.
449 556 554 610 quin
585 554 714 596 etiam
746 553 828 593 hoc
858 551 1003 605 timeo,
1036 564 1089 591 ne
1113 564 1163 591 ex
1185 564 1233 590 eo
1254 550 1463 590 minorem
1484 549 1669 604 gratiam
1689 548 1820 601 ineat,

220 626 330 681 quod
361 624 562 679 pleraque
592 636 680 663 non
711 621 889 662 inuenta
920 633 995 674 per
1025 633 1112 672 me,
1155 617 1228 659 sed
1270 617 1323 658 ab
1363 617 1458 658 aliis
1498 616 1658 657 tradita
1690 615 1822 663 conti-

220 693 354 748 nebit,
386 692 546 734 habeat
576 691 705 732 etiam
736 688 953 743 quosdam,
987 675 1058 740 qu'i
1081 688 1229 727 contra
1247 684 1443 726 'sentiant
1464 686 1507 726 et
1528 684 1821 737 aduersentur,

221 764 447 817 propterea
478 758 587 814 quod
618 757 791 813 plurimi
823 757 1040 808 auctores,
1081 753 1276 808 quamuis
1308 753 1454 794 eodem
1484 752 1724 805 tenderent,
1765 751 1823 792 di-

222 844 366 871 uersas
403 830 549 870 tamen
587 826 678 866 uias
724 824 1001 865 muniuerunt
1041 824 1168 876 atque
1206 822 1252 862 in
1284 835 1403 862 suam
1443 820 1618 875 quisque
1656 819 1825 860 induxit
1845 835 1876 860 ω

183 897 462 952 Gsequentes.
522 894 586 935 illi
626 895 769 934 autem
806 892 993 947 probant
1035 890 1338 944 qualecumque
1377 888 1563 943 ingressi
1595 889 1695 928 sunt
1726 887 1822 941 iter,

222 980 302 1007 nec
331 964 458 1006 facile
489 962 727 1004 inculcatas
758 959 900 1015 pueris
932 958 1228 1012 persuasiones
1266 957 1520 1010 mutaueris,
1561 948 1660 1010 quia
1700 969 1826 995 nemo

186 1035 313 1076 7non
344 1031 540 1074 didicisse
572 1029 736 1070 mauult
774 1042 901 1082 quam
939 1027 1111 1067 discere.
1174 1027 1239 1066 est
1278 1026 1440 1078 autem,
1482 1025 1530 1064 ut
1569 1023 1826 1078 procedente

225 1102 334 1143 libro
371 1099 558 1154 patebit,
598 1097 771 1139 infinita
809 1094 1015 1136 dissensio
1055 1095 1296 1147 auctorum,
1339 1093 1489 1147 primo
1516 1091 1565 1132 ad
1608 1105 1678 1145 ea,
1720 1105 1826 1145 quae

226 1169 347 1210 rudia
378 1170 505 1222 atque
535 1166 772 1220 inperfecta
795 1164 931 1205 adhuc
954 1165 1089 1216 erant,
1125 1161 1406 1203 adicientibus
1428 1160 1539 1215 quod
1560 1159 1828 1215 inuenissent
1848 1175 1879 1199 15

227 1236 522 1292 scriptoribus,
556 1248 653 1275 mox
684 1235 731 1274 ut
763 1231 923 1286 aliquid
954 1231 1018 1272 sui
1049 1230 1297 1271 uiderentur
1328 1229 1510 1282 adferre,
1554 1227 1681 1268 etiam
1711 1228 1829 1268 recta

226 1304 507 1347 mutantibus.

189 1375 213 1416 8
342 1372 453 1413 Nam
485 1371 646 1426 primus
678 1371 775 1424 post
806 1383 889 1422 eos,
924 1381 1027 1422 quos
1057 1368 1208 1421 poetae
1239 1365 1519 1418 tradiderunt,
1551 1363 1733 1404 mouisse
1755 1363 1830 1403 ali-

229 1456 312 1496 qua
344 1440 457 1481 circa
478 1438 722 1479 rhetoricen
744 1435 1023 1491 Empedocles
1046 1434 1216 1475 dicitur.
1260 1433 1580 1474 artium-autem
1603 1432 1830 1485 scriptores

232 1506 518 1563 antiquissimi
550 1506 686 1548 Corax
718 1507 760 1547 et
791 1504 929 1545 Tisias
962 1502 1107 1555 Siculi,
1151 1515 1253 1556 quos
1286 1502 1503 1543 insecutus
1535 1501 1598 1541 est
1629 1499 1694 1540 uir
1725 1499 1830 1540 eius·
1850 1515 1882 1539 ρο

231 1578 325 1618 dem
356 1575 521 1617 insulae
554 1573 735 1629 Gorgias
766 1572 1015 1625 Leontinus,
1058 1569 1344 1624 Empedoclis,
1386 1571 1433 1610 ut
1463 1568 1667 1621 traditur,
1709 1566 1831 1608 disci-

191 1645 367 1700 9pulus.
425 1644 462 1684 is
501 1642 708 1684 beneficio
746 1641 1022 1695 longissimae
1054 1638 1206 1679 aetatis
1245 1640 1362 1691 (nam
1403 1638 1575 1678 centum
1606 1637 1648 1676 et
1677 1649 1833 1676 nouem

234 1713 342 1754 uixit
373 1712 527 1766 annos)
569 1725 663 1752 cum
701 1708 846 1750 multis
887 1708 1011 1749 simul
1051 1706 1215 1760 floruit,
1255 1705 1432 1759 ideoque
1473 1706 1515 1744 et
1554 1703 1742 1756 illorum,
1783 1703 1832 1743 de

233 1781 385 1836 quibus
417 1794 545 1834 supra
577 1778 677 1832 dixi,
709 1777 793 1818 fuit
824 1776 1012 1818 aemulus
1044 1777 1086 1816 et
1116 1774 1228 1815 ultra
1252 1773 1458 1815 Socraten
1488 1786 1618 1826 usque
1648 1770 1830 1811 durauit.

172 1852 220 1892 10
234 1847 576 1904 Thrasymachus
610 1845 917 1889 Chalcedonius
960 1858 1054 1884 cum
1094 1842 1174 1883 hoc
1214 1844 1256 1882 et
1294 1840 1498 1882 Prodicus
1538 1839 1635 1882 Cius
1675 1841 1717 1879 et
1747 1838 1833 1879 Ab-
1853 1856 1884 1879 25

235 1918 390 1958 derites
430 1908 710 1969 Protagoias,
753 1929 776 1954 a
816 1927 898 1967 quo
937 1912 1080 1952 decem
1118 1910 1288 1951 milibus
1327 1908 1596 1949 denariorum
1638 1906 1834 1947 didicisse

199 1987 202 1990 ⁴
237 1988 386 2038 artem,
420 1998 546 2038 quain
570 1983 715 2035 edidit,
749 1980 958 2022 Euathlus
982 1979 1150 2031 dicitur,
1185 1980 1227 2018 et
1248 1976 1430 2031 Hippias
1453 1975 1586 2029 Elius,
1621 1976 1677 2028 et,
1710 1989 1834 2028 quem

172 2058 218 2097 11
238 2052 496 2094 Palameden
527 2050 650 2091 Plato
683 2049 884 2103 appellat,
919 2047 1164 2089 Alcidamas
1186 2045 1361 2086 Elaites.
1415 2043 1640 2098 Antiphon
1671 2056 1834 2097 quoque

328 2168 381 2199 28.
407 2168 443 2198 in
469 2166 637 2198 Phaedro
663 2177 694 2207 p.
722 2167 785 2197 261
812 2166 856 2196 D.

331 2273 347 2302 1
376 2281 458 2302 nam
484 2268 599 2300 ueluti
626 2269 804 2299 Lucretius
831 2269 862 2303 4,
888 2268 947 2307 11,
981 2265 1043 2297 scd
1070 2265 1186 2295 ueluti
1210 2265 1296 2295 idem
1322 2265 1351 2300 1,
1376 2264 1463 2297 930:
1496 2272 1538 2292 ac
1564 2260 1682 2292 ueluti
1710 2260 1838 2291 Nonius

239 2328 368 2360 qunque
394 2316 493 2347 habel
516 2326 550 2356 p.
571 2316 639 2344 2113
734 2317 752 2345 3
780 2314 997 2353 inspergunt
1025 2311 1090 2351 (uel
1115 2308 1328 2351 aspergunt)
1356 2308 1404 2339 M.
1432 2308 1569 2347 Haupt:
1596 2307 1778 2347 inspirant
1796 2306 1836 2345 A,

241 2363 431 2404 adspirant
447 2362 485 2401 B,
513 2360 728 2401 contingunt
746 2359 901 2390 Lucretii
922 2358 1000 2391 (ibri
1016 2361 1157 2397 utroque
1174 2359 1247 2387 loco
1343 2353 1501 2393 fanoque
1517 2352 1542 2382 B
1635 2353 1655 2382 4
1681 2360 1835 2392 sequun-

241 2415 297 2440 tur
321 2409 350 2439 A
443 2409 462 2438 5
490 2405 666 2436 absinthii
691 2405 731 2445 A,
760 2404 898 2435 absinti
922 2406 953 2442 b,
981 2401 1151 2433 ahsenthi
1177 2402 1238 2440 Bu,
1265 2399 1411 2431 absenti
1436 2399 1488 2437 Bg
1581 2398 1600 2427 ὓ
1628 2398 1727 2428 ineat
1751 2397 1780 2426 A
1805 2397 1838 2427 ιή

243 2466 315 2485 ras.
423 2454 441 2484 7
470 2451 516 2482 ab
542 2452 567 2481 B
594 2462 654 2481 om.
772 2452 810 2481 10
837 2450 1047 2480 munierunt
1071 2447 1109 2486 B,
1143 2446 1304 2477 inierunt
1328 2445 1494 2475 Francius
1520 2447 1552 2474 cl
1577 2443 1651 2474 cml.
1680 2442 1775 2473 Goth.
1802 2446 1835 2472 ιιί

242 2502 285 2540 ‘'f·
312 2500 431 2540 Spald.
526 2495 695 2538 produxit
721 2496 800 2536 (pro
826 2494 1035 2536 pcrduxitZ‘)
1062 2493 1090 2522 A
1185 2493 1224 2522 122
1254 2491 1358 2521 facile
1383 2490 1412 2520 A
1508 2489 1548 2519 14
1574 2488 1723 2529 primurn
1750 2497 1770 2517 a

246 2546 285 2576 1ss
311 2550 406 2575 rocla
431 2545 459 2574 A
486 2542 563 2582 (cta
588 2545 620 2573 in
639 2553 707 2572 ras.
734 2545 858 2581 septem
882 2542 958 2580 fere
984 2537 1184 2577 lineum-um)
1289 2536 1329 2567 18
1356 2535 1408 2566 Na
1432 2535 1461 2565 A
1485 2535 1517 2564 in
1543 2544 1612 2565 ras.
1708 2534 1748 2563 19
1776 2542 1837 2563 en-

245 2590 418 2632 pedoclcs
444 2590 481 2628 B,
508 2590 581 2619 ilem
607 2587 700 2626 infr-a
727 2585 935 2627 cnpedoclis
1064 2584 1104 2614 22
1132 2585 1273 2614 centurn
1301 2581 1442 2611 Bra-077:
1471 2590 1515 2610 ea·
1541 2581 1677 2610 certum
1795 2578 1837 2607 ’25

244 2634 521 2675 thrasymachus
547 2634 582 2664 b:
611 2631 911 2673 thei-asymachus
936 2631 973 2669 B,
1001 2630 1260 2669 chrasyniacus
1286 2627 1324 2663 A,
1352 2625 1608 2665 thrasymacus
1634 2632 1655 2652 a
1763 2621 1836 2652 cal-

247 2680 443 2712 chedonius
470 2680 532 2709 AB
626 2678 694 2708 hoc
721 2687 781 2708 om.
807 2675 848 2707 A¹
946 2677 1032 2706 ‹fius
1060 2675 1243 2714 Spalding:
1277 2671 1380 2701 chius
1405 2670 1479 2709 AB,
1508 2668 1602 2699 Ceus
1630 2668 1771 2698 Ernesti

246 2728 286 2757 27
315 2725 483 2756 <mathias
510 2724 584 2763 AB,
612 2725 655 2762 cs.
687 2723 781 2762 Dios).
810 2723 928 2753 Laerl.
950 2725 979 2757 11,
1000 2722 1017 2758 ,ξ
1037 2722 1080 2750 ,54
1106 2732 1139 2760 μ.
1162 2721 1228 2749 380
1248 2717 1380 2748 lleaclm.
1512 2714 1639 2755 hippia
1665 2711 1775 2743 solius
1802 2713 1838 2750 B,

248 2771 485 2811 lrvppiaa‘ffius
510 2770 539 2799 A
679 2778 782 2808 quein
810 2767 889 2798 l’al.
919 2766 1024 2796 Plato
1058 2763 1221 2805 appellat
1251 2763 1369 2803 xpm-ia
1401 2761 1557 2791 uidentur·
1582 2758 1781 2799 ›S'paltlingyr‘n
1807 2763 1838 2788 et

250 2817 454 2855 lltfitzdorsio
480 2817 526 2845 ml
552 2815 641 2844 l’lat.
672 2814 859 2844 Phaedrum
892 2823 926 2852 p.
953 2814 1012 2843 tiit:
1045 2812 1205 2841 incertum
1237 2812 1285 2839 es!
1319 2817 1391 2837 mem
1418 2806 1550 2843 Quintil.
1583 2806 1655 2844 ips(-
1685 2804 1839 2843 grauiter

249 2863 428 2897 err-anem,
456 2872 497 2891 (ιη
523 2860 682 2890 [imm-ins
708 2859 829 2899 aliquis
854 2858 1080 2898 interpolalm·
1105 2857 1176 2885 loco
1204 2853 1356 2884 Platonis
1381 2851 1500 2882 leuiter·
1524 2851 1675 2889 inspecto
1703 2848 1839 2878 Alcida-

249 2912 386 2936 mtmlem
414 2917 481 2935 eum
511 2906 655 2941 Zenone,
683 2905 740 2945 qni
761 2904 806 2934 ibi
830 2904 1022 2943 [laverimus
1048 2906 1107 2935 esc,
1134 2898 1324 2939 confuderit
1416 2898 1458 2927 28
1485 2894 1617 2925 claitcs
1634 2894 1679 2924 A:
1708 2893 1839 2925 eleites

250 2951 287 2989 B,
320 2950 481 2981 Ebusita-s
508 2952 549 2980 al.
576 2950 621 2988 ‘'f-
649 2949 908 2981 „-Jtlec›1.l;›¹,(i2
936 2946 1034 2979 ἈλΚ.
1061 2945 1080 2977 ὁ
1109 2944 1274 2983 Ἐλαῖτη(
