<?xml version="1.0" encoding="UTF-8"?>
<!DOCTYPE html PUBLIC "-//W3C//DTD XHTML 1.0 Transitional//EN"
    "http://www.w3.org/TR/xhtml1/DTD/xhtml1-transitional.dtd">
<html xmlns="http://www.w3.org/1999/xhtml" xml:lang="en" lang="en">
 <head>
  <title>
</title>
<meta http-equiv="Content-Type" content="text/html;charset=utf-8" />
  <meta name='ocr-system' content='tesseract 3.04.00' />
  <meta name='ocr-capabilities' content='ocr_page ocr_carea ocr_par ocr_line ocrx_word'/>
</head>
<body>
  <div class='ocr_page' id='page_1' title='image "./institutionisora00quinuoft_0177.png"; bbox 0 0 1955 3228; ppageno 0'>
   <div class='ocr_carea' id='block_1_1' title="bbox 722 122 1686 181">
    <p class='ocr_par' dir='ltr' id='par_1_1' title="bbox 722 122 1686 181">
     <span class='ocr_line' id='line_1_1' title="bbox 722 122 1686 181; baseline 0 -20"><span class='ocrx_word' id='word_1_1' title='bbox 722 133 787 162; x_wconf 91' lang='lat'>111.</span> <span class='ocrx_word' id='word_1_2' title='bbox 829 134 863 181; x_wconf 63' lang='lat' dir='ltr'>s,</span> <span class='ocrx_word' id='word_1_3' title='bbox 887 131 989 160; x_wconf 56' lang='lat'>5:13—</span> <span class='ocrx_word' id='word_1_4' title='bbox 1005 130 1060 162; x_wconf 72' lang='lat'>07.</span> <span class='ocrx_word' id='word_1_5' title='bbox 1610 122 1686 161; x_wconf 83' lang='lat'>161</span> 
     </span>
    </p>
   </div>
   <div class='ocr_carea' id='block_1_2' title="bbox 49 234 1767 1716">
    <p class='ocr_par' dir='ltr' id='par_1_2' title="bbox 93 234 1760 494">
     <span class='ocr_line' id='line_1_2' title="bbox 93 234 1692 290; baseline -0.001 -13"><span class='ocrx_word' id='word_1_6' title='bbox 93 236 216 277; x_wconf 87' lang='lat' dir='ltr'>modo</span> <span class='ocrx_word' id='word_1_7' title='bbox 247 238 312 277; x_wconf 85' lang='lat' dir='ltr'>est</span> <span class='ocrx_word' id='word_1_8' title='bbox 342 250 485 290; x_wconf 87' lang='lat' dir='ltr'>sanus,</span> <span class='ocrx_word' id='word_1_9' title='bbox 519 250 605 276; x_wconf 85' lang='lat' dir='ltr'>non</span> <span class='ocrx_word' id='word_1_10' title='bbox 636 235 825 290; x_wconf 82' lang='lat' dir='ltr'>quirit-et,</span> <span class='ocrx_word' id='word_1_11' title='bbox 860 235 931 276; x_wconf 88' lang='lat' dir='ltr'>sed</span> <span class='ocrx_word' id='word_1_12' title='bbox 962 250 1089 289; x_wconf 83' lang='lat' dir='ltr'>quam</span> <span class='ocrx_word' id='word_1_13' title='bbox 1118 235 1300 275; x_wconf 83' lang='lat' dir='ltr'>maxime</span> <span class='ocrx_word' id='word_1_14' title='bbox 1330 236 1471 288; x_wconf 88' lang='lat' dir='ltr'>potest</span> <span class='ocrx_word' id='word_1_15' title='bbox 1503 234 1615 275; x_wconf 82' lang='lat' dir='ltr'>ciuili</span> <span class='ocrx_word' id='word_1_16' title='bbox 1649 236 1692 275; x_wconf 88' lang='lat' dir='ltr'>et</span> 
     </span>
     <span class='ocr_line' id='line_1_3' title="bbox 94 293 1760 358; baseline -0.001 -13"><span class='ocrx_word' id='word_1_17' title='bbox 94 304 279 345; x_wconf 87' lang='lat' dir='ltr'>humano</span> <span class='ocrx_word' id='word_1_18' title='bbox 310 293 506 358; x_wconf 81' lang='lat' dir='ltr'>ingressu</span> <span class='ocrx_word' id='word_1_19' title='bbox 538 303 688 344; x_wconf 89' lang='lat' dir='ltr'>mereri</span> <span class='ocrx_word' id='word_1_20' title='bbox 721 303 947 344; x_wconf 78' lang='lat' dir='ltr'>adsensum</span> <span class='ocrx_word' id='word_1_21' title='bbox 979 302 1256 343; x_wconf 77' lang='lat' dir='ltr'>deliberantis</span> <span class='ocrx_word' id='word_1_22' title='bbox 1286 302 1404 344; x_wconf 90' lang='lat' dir='ltr'>uelit.</span> <span class='ocrx_word' id='word_1_23' title='bbox 1455 317 1529 344; x_wconf 90' lang='lat' dir='ltr'>cur</span> <span class='ocrx_word' id='word_1_24' title='bbox 1550 305 1693 344; x_wconf 87' lang='lat' dir='ltr'>autem</span> <span class='ocrx_word' id='word_1_25' title='bbox 1705 303 1760 344; x_wconf 77' lang='lat'>60</span> 
     </span>
     <span class='ocr_line' id='line_1_4' title="bbox 93 371 1690 426; baseline -0.001 -14"><span class='ocrx_word' id='word_1_26' title='bbox 93 375 261 413; x_wconf 85' lang='lat' dir='ltr'>torrens</span> <span class='ocrx_word' id='word_1_27' title='bbox 292 373 335 412; x_wconf 86' lang='lat' dir='ltr'>et</span> <span class='ocrx_word' id='word_1_28' title='bbox 364 371 510 426; x_wconf 86' lang='lat' dir='ltr'>utique</span> <span class='ocrx_word' id='word_1_29' title='bbox 542 371 776 425; x_wconf 88' lang='lat' dir='ltr'>aequaliter</span> <span class='ocrx_word' id='word_1_30' title='bbox 808 371 1022 411; x_wconf 87' lang='lat' dir='ltr'>concitata</span> <span class='ocrx_word' id='word_1_31' title='bbox 1059 371 1116 411; x_wconf 82' lang='lat' dir='ltr'>sit</span> <span class='ocrx_word' id='word_1_32' title='bbox 1153 371 1198 411; x_wconf 92' lang='lat' dir='ltr'>in</span> <span class='ocrx_word' id='word_1_33' title='bbox 1237 386 1286 411; x_wconf 85' lang='lat' dir='ltr'>ea</span> <span class='ocrx_word' id='word_1_34' title='bbox 1327 371 1509 412; x_wconf 89' lang='lat' dir='ltr'>dicentis</span> <span class='ocrx_word' id='word_1_35' title='bbox 1540 371 1690 424; x_wconf 90' lang='lat' dir='ltr'>oratio,</span> 
     </span>
     <span class='ocr_line' id='line_1_5' title="bbox 96 438 1692 494; baseline -0.001 -13"><span class='ocrx_word' id='word_1_36' title='bbox 96 455 191 481; x_wconf 89' lang='lat' dir='ltr'>cum</span> <span class='ocrx_word' id='word_1_37' title='bbox 222 440 290 481; x_wconf 91' lang='lat' dir='ltr'>uel</span> <span class='ocrx_word' id='word_1_38' title='bbox 321 439 549 494; x_wconf 78' lang='lat' dir='ltr'>praecipue</span> <span class='ocrx_word' id='word_1_39' title='bbox 579 438 913 479; x_wconf 72' lang='lat' dir='ltr'>moderationem</span> <span class='ocrx_word' id='word_1_40' title='bbox 945 439 1123 480; x_wconf 86' lang='lat' dir='ltr'>consilia</span> <span class='ocrx_word' id='word_1_41' title='bbox 1144 438 1415 479; x_wconf 73' lang='lat' dir='ltr'>desiderent?</span> <span class='ocrx_word' id='word_1_42' title='bbox 1454 454 1590 493; x_wconf 88' lang='lat' dir='ltr'>neque</span> <span class='ocrx_word' id='word_1_43' title='bbox 1612 453 1692 493; x_wconf 83' lang='lat' dir='ltr'>ego</span> 
     </span>
    </p>

    <p class='ocr_par' dir='ltr' id='par_1_3' title="bbox 61 506 1759 831">
     <span class='ocr_line' id='line_1_6' title="bbox 61 506 1691 562; baseline 0.001 -16"><span class='ocrx_word' id='word_1_44' title='bbox 61 522 76 545; x_wconf 74' lang='lat'>5</span> <span class='ocrx_word' id='word_1_45' title='bbox 95 508 345 562; x_wconf 78' lang='lat' dir='ltr'>negauerim</span> <span class='ocrx_word' id='word_1_46' title='bbox 385 507 553 561; x_wconf 86' lang='lat' dir='ltr'>saepius</span> <span class='ocrx_word' id='word_1_47' title='bbox 594 506 810 547; x_wconf 81' lang='lat' dir='ltr'>subsidere</span> <span class='ocrx_word' id='word_1_48' title='bbox 848 506 890 546; x_wconf 90' lang='lat' dir='ltr'>in</span> <span class='ocrx_word' id='word_1_49' title='bbox 941 506 1242 547; x_wconf 87' lang='lat' dir='ltr'>controuersiis</span> <span class='ocrx_word' id='word_1_50' title='bbox 1279 506 1483 560; x_wconf 88' lang='lat' dir='ltr'>impetum</span> <span class='ocrx_word' id='word_1_51' title='bbox 1523 507 1691 547; x_wconf 88' lang='lat' dir='ltr'>dicendi</span> 
     </span>
     <span class='ocr_line' id='line_1_7' title="bbox 96 574 1692 630; baseline 0 -15"><span class='ocrx_word' id='word_1_52' title='bbox 96 575 322 630; x_wconf 87' lang='lat' dir='ltr'>prooemio,</span> <span class='ocrx_word' id='word_1_53' title='bbox 356 575 615 628; x_wconf 71' lang='lat' dir='ltr'>narratione,</span> <span class='ocrx_word' id='word_1_54' title='bbox 649 575 934 629; x_wconf 77' lang='lat' dir='ltr'>argumentis:</span> <span class='ocrx_word' id='word_1_55' title='bbox 975 589 1082 628; x_wconf 87' lang='lat' dir='ltr'>quae</span> <span class='ocrx_word' id='word_1_56' title='bbox 1113 574 1147 614; x_wconf 90' lang='lat' dir='ltr'>si</span> <span class='ocrx_word' id='word_1_57' title='bbox 1179 574 1393 627; x_wconf 87' lang='lat' dir='ltr'>detrahas,</span> <span class='ocrx_word' id='word_1_58' title='bbox 1435 575 1472 614; x_wconf 90' lang='lat' dir='ltr'>id</span> <span class='ocrx_word' id='word_1_59' title='bbox 1506 574 1595 615; x_wconf 81' lang='lat' dir='ltr'>fere</span> <span class='ocrx_word' id='word_1_60' title='bbox 1627 589 1692 615; x_wconf 87' lang='lat' dir='ltr'>su-</span> 
     </span>
     <span class='ocr_line' id='line_1_8' title="bbox 96 642 1692 698; baseline -0.001 -14"><span class='ocrx_word' id='word_1_61' title='bbox 96 643 268 698; x_wconf 89' lang='lat' dir='ltr'>pererit,</span> <span class='ocrx_word' id='word_1_62' title='bbox 301 657 383 697; x_wconf 87' lang='lat' dir='ltr'>quo</span> <span class='ocrx_word' id='word_1_63' title='bbox 414 643 627 684; x_wconf 77' lang='lat' dir='ltr'>suasoriae</span> <span class='ocrx_word' id='word_1_64' title='bbox 659 645 873 695; x_wconf 73' lang='lat' dir='ltr'>constant,</span> <span class='ocrx_word' id='word_1_65' title='bbox 906 657 1051 682; x_wconf 89' lang='lat' dir='ltr'>uerum</span> <span class='ocrx_word' id='word_1_66' title='bbox 1082 642 1124 682; x_wconf 91' lang='lat' dir='ltr'>id</span> <span class='ocrx_word' id='word_1_67' title='bbox 1155 656 1319 696; x_wconf 88' lang='lat' dir='ltr'>quoque</span> <span class='ocrx_word' id='word_1_68' title='bbox 1351 642 1568 696; x_wconf 83' lang='lat' dir='ltr'>aequalius</span> <span class='ocrx_word' id='word_1_69' title='bbox 1599 643 1692 695; x_wconf 89' lang='lat' dir='ltr'>erit,</span> 
     </span>
     <span class='ocr_line' id='line_1_9' title="bbox 96 710 1759 764; baseline 0 -13"><span class='ocrx_word' id='word_1_70' title='bbox 96 725 183 751; x_wconf 92' lang='grc'>11011</span> <span class='ocrx_word' id='word_1_71' title='bbox 213 711 516 752; x_wconf 80' lang='lat' dir='ltr'>tumultuosius</span> <span class='ocrx_word' id='word_1_72' title='bbox 547 713 673 764; x_wconf 88' lang='lat' dir='ltr'>atque</span> <span class='ocrx_word' id='word_1_73' title='bbox 694 710 916 751; x_wconf 87' lang='lat' dir='ltr'>turbidius.</span> <span class='ocrx_word' id='word_1_74' title='bbox 961 710 1185 750; x_wconf 89' lang='lat' dir='ltr'>uerborum</span> <span class='ocrx_word' id='word_1_75' title='bbox 1208 712 1349 750; x_wconf 88' lang='lat' dir='ltr'>autem</span> <span class='ocrx_word' id='word_1_76' title='bbox 1371 711 1694 764; x_wconf 78' lang='lat' dir='ltr'>magnificentia</span> <span class='ocrx_word' id='word_1_77' title='bbox 1707 712 1759 752; x_wconf 84' lang='grc'>61</span> 
     </span>
     <span class='ocr_line' id='line_1_10' title="bbox 98 773 1693 831; baseline 0 -12"><span class='ocrx_word' id='word_1_78' title='bbox 98 793 183 819; x_wconf 86' lang='lat' dir='ltr'>non</span> <span class='ocrx_word' id='word_1_79' title='bbox 215 779 396 820; x_wconf 85' lang='lat' dir='ltr'>ualidius</span> <span class='ocrx_word' id='word_1_80' title='bbox 436 781 500 820; x_wconf 86' lang='lat' dir='ltr'>est</span> <span class='ocrx_word' id='word_1_81' title='bbox 538 773 794 819; x_wconf 85' lang='lat' dir='ltr'>adfectanda</span> <span class='ocrx_word' id='word_1_82' title='bbox 833 778 1045 819; x_wconf 87' lang='lat' dir='ltr'>suasorias</span> <span class='ocrx_word' id='word_1_83' title='bbox 1084 777 1445 831; x_wconf 78' lang='lat' dir='ltr'>declamantibus,</span> <span class='ocrx_word' id='word_1_84' title='bbox 1486 778 1557 818; x_wconf 89' lang='lat' dir='ltr'>sed</span> <span class='ocrx_word' id='word_1_85' title='bbox 1598 793 1693 819; x_wconf 87' lang='lat' dir='ltr'>con—</span> 
     </span>
    </p>

    <p class='ocr_par' dir='ltr' id='par_1_4' title="bbox 49 846 1763 1172">
     <span class='ocr_line' id='line_1_11' title="bbox 49 846 1694 901; baseline 0.001 -17"><span class='ocrx_word' id='word_1_86' title='bbox 49 862 78 884; x_wconf 69' lang='lat' dir='ltr'>io</span> <span class='ocrx_word' id='word_1_87' title='bbox 97 846 230 901; x_wconf 79' lang='lat' dir='ltr'>tingit</span> <span class='ocrx_word' id='word_1_88' title='bbox 262 846 414 901; x_wconf 80' lang='lat' dir='ltr'>magis,</span> <span class='ocrx_word' id='word_1_89' title='bbox 466 861 566 887; x_wconf 87' lang='lat' dir='ltr'>nam</span> <span class='ocrx_word' id='word_1_90' title='bbox 599 849 640 887; x_wconf 87' lang='lat' dir='ltr'>et</span> <span class='ocrx_word' id='word_1_91' title='bbox 670 861 876 901; x_wconf 83' lang='lat' dir='ltr'>personae</span> <span class='ocrx_word' id='word_1_92' title='bbox 907 846 995 887; x_wconf 89' lang='lat' dir='ltr'>fere</span> <span class='ocrx_word' id='word_1_93' title='bbox 1017 860 1200 900; x_wconf 78' lang='lat' dir='ltr'>magnae</span> <span class='ocrx_word' id='word_1_94' title='bbox 1222 846 1487 900; x_wconf 77' lang='lat' dir='ltr'>fingentibus</span> <span class='ocrx_word' id='word_1_95' title='bbox 1508 846 1694 900; x_wconf 79' lang='lat' dir='ltr'>placent,</span> 
     </span>
     <span class='ocr_line' id='line_1_12' title="bbox 97 913 1695 968; baseline -0.001 -14"><span class='ocrx_word' id='word_1_96' title='bbox 97 928 259 968; x_wconf 78' lang='lat' dir='ltr'>regum,</span> <span class='ocrx_word' id='word_1_97' title='bbox 300 914 565 968; x_wconf 87' lang='lat' dir='ltr'>principum,</span> <span class='ocrx_word' id='word_1_98' title='bbox 609 917 804 968; x_wconf 85' lang='lat' dir='ltr'>senatus,</span> <span class='ocrx_word' id='word_1_99' title='bbox 845 913 1013 968; x_wconf 89' lang='lat' dir='ltr'>populi,</span> <span class='ocrx_word' id='word_1_100' title='bbox 1055 916 1097 954; x_wconf 90' lang='lat' dir='ltr'>et</span> <span class='ocrx_word' id='word_1_101' title='bbox 1128 928 1193 954; x_wconf 89' lang='lat' dir='ltr'>res</span> <span class='ocrx_word' id='word_1_102' title='bbox 1225 913 1470 967; x_wconf 85' lang='lat' dir='ltr'>ampliores:</span> <span class='ocrx_word' id='word_1_103' title='bbox 1508 914 1569 954; x_wconf 88' lang='lat' dir='ltr'>ita</span> <span class='ocrx_word' id='word_1_104' title='bbox 1602 928 1695 954; x_wconf 91' lang='lat' dir='ltr'>cum</span> 
     </span>
     <span class='ocr_line' id='line_1_13' title="bbox 98 981 1763 1036; baseline 0.001 -14"><span class='ocrx_word' id='word_1_105' title='bbox 98 982 228 1022; x_wconf 91' lang='lat' dir='ltr'>uerba</span> <span class='ocrx_word' id='word_1_106' title='bbox 260 983 385 1022; x_wconf 88' lang='lat' dir='ltr'>rebus</span> <span class='ocrx_word' id='word_1_107' title='bbox 418 984 633 1035; x_wconf 90' lang='lat' dir='ltr'>aptentur,</span> <span class='ocrx_word' id='word_1_108' title='bbox 664 983 756 1036; x_wconf 88' lang='lat' dir='ltr'>ipso</span> <span class='ocrx_word' id='word_1_109' title='bbox 786 981 992 1022; x_wconf 88' lang='lat' dir='ltr'>materiae</span> <span class='ocrx_word' id='word_1_110' title='bbox 1013 982 1152 1022; x_wconf 89' lang='lat' dir='ltr'>nitore</span> <span class='ocrx_word' id='word_1_111' title='bbox 1175 981 1429 1022; x_wconf 87' lang='lat' dir='ltr'>clarescunt.</span> <span class='ocrx_word' id='word_1_112' title='bbox 1477 981 1560 1022; x_wconf 87' lang='lat' dir='ltr'>alia</span> <span class='ocrx_word' id='word_1_113' title='bbox 1584 982 1763 1025; x_wconf 68' lang='grc'>11011362</span> 
     </span>
     <span class='ocr_line' id='line_1_14' title="bbox 99 1049 1697 1104; baseline -0.001 -14"><span class='ocrx_word' id='word_1_114' title='bbox 99 1049 286 1090; x_wconf 84' lang='grc'>0011311113</span> <span class='ocrx_word' id='word_1_115' title='bbox 318 1050 428 1090; x_wconf 88' lang='lat' dir='ltr'>ratio</span> <span class='ocrx_word' id='word_1_116' title='bbox 460 1053 538 1103; x_wconf 82' lang='lat' dir='ltr'>est,</span> <span class='ocrx_word' id='word_1_117' title='bbox 571 1050 746 1104; x_wconf 86' lang='lat' dir='ltr'>ideoque</span> <span class='ocrx_word' id='word_1_118' title='bbox 777 1049 1096 1103; x_wconf 81' lang='lat' dir='ltr'>Theophrastus</span> <span class='ocrx_word' id='word_1_119' title='bbox 1127 1064 1254 1104; x_wconf 88' lang='lat' dir='ltr'>quam</span> <span class='ocrx_word' id='word_1_120' title='bbox 1284 1050 1466 1090; x_wconf 78' lang='lat' dir='ltr'>maxime</span> <span class='ocrx_word' id='word_1_121' title='bbox 1488 1052 1697 1090; x_wconf 86' lang='lat' dir='ltr'>remotum</span> 
     </span>
     <span class='ocr_line' id='line_1_15' title="bbox 99 1117 1696 1172; baseline -0.001 -14"><span class='ocrx_word' id='word_1_122' title='bbox 99 1118 152 1158; x_wconf 86' lang='lat' dir='ltr'>ab</span> <span class='ocrx_word' id='word_1_123' title='bbox 182 1118 294 1158; x_wconf 86' lang='lat' dir='ltr'>omni</span> <span class='ocrx_word' id='word_1_124' title='bbox 329 1117 569 1158; x_wconf 80' lang='lat' dir='ltr'>adfectione</span> <span class='ocrx_word' id='word_1_125' title='bbox 600 1119 645 1158; x_wconf 89' lang='lat' dir='ltr'>in</span> <span class='ocrx_word' id='word_1_126' title='bbox 677 1118 956 1159; x_wconf 88' lang='lat' dir='ltr'>deliberatiuo</span> <span class='ocrx_word' id='word_1_127' title='bbox 987 1132 1144 1172; x_wconf 75' lang='lat' dir='ltr'>genere</span> <span class='ocrx_word' id='word_1_128' title='bbox 1176 1118 1312 1158; x_wconf 88' lang='lat' dir='ltr'>uoluit</span> <span class='ocrx_word' id='word_1_129' title='bbox 1334 1132 1424 1159; x_wconf 87' lang='lat' dir='ltr'>esse</span> <span class='ocrx_word' id='word_1_130' title='bbox 1445 1132 1696 1172; x_wconf 87' lang='lat' dir='ltr'>sermonem,</span> 
     </span>
    </p>

    <p class='ocr_par' dir='ltr' id='par_1_5' title="bbox 50 1185 1764 1512">
     <span class='ocr_line' id='line_1_16' title="bbox 50 1185 1696 1241; baseline 0 -16"><span class='ocrx_word' id='word_1_131' title='bbox 50 1200 79 1225; x_wconf 78' lang='lat'>15</span> <span class='ocrx_word' id='word_1_132' title='bbox 99 1187 269 1226; x_wconf 87' lang='lat' dir='ltr'>secutus</span> <span class='ocrx_word' id='word_1_133' title='bbox 300 1186 343 1226; x_wconf 91' lang='lat' dir='ltr'>in</span> <span class='ocrx_word' id='word_1_134' title='bbox 376 1185 455 1226; x_wconf 88' lang='lat' dir='ltr'>hoc</span> <span class='ocrx_word' id='word_1_135' title='bbox 487 1187 786 1227; x_wconf 84' lang='lat' dir='ltr'>auctoritatem</span> <span class='ocrx_word' id='word_1_136' title='bbox 819 1186 1109 1241; x_wconf 85' lang='lat' dir='ltr'>praeceptoris</span> <span class='ocrx_word' id='word_1_137' title='bbox 1141 1186 1219 1240; x_wconf 89' lang='lat' dir='ltr'>sui,</span> <span class='ocrx_word' id='word_1_138' title='bbox 1252 1200 1507 1240; x_wconf 87' lang='lat' dir='ltr'>quamquam</span> <span class='ocrx_word' id='word_1_139' title='bbox 1538 1186 1696 1225; x_wconf 89' lang='lat' dir='ltr'>dissen-</span> 
     </span>
     <span class='ocr_line' id='line_1_17' title="bbox 99 1253 1764 1309; baseline 0.002 -16"><span class='ocrx_word' id='word_1_140' title='bbox 99 1253 178 1294; x_wconf 85' lang='lat' dir='ltr'>tire</span> <span class='ocrx_word' id='word_1_141' title='bbox 210 1254 264 1294; x_wconf 86' lang='lat' dir='ltr'>ab</span> <span class='ocrx_word' id='word_1_142' title='bbox 295 1268 343 1294; x_wconf 86' lang='lat' dir='ltr'>eo</span> <span class='ocrx_word' id='word_1_143' title='bbox 374 1268 461 1294; x_wconf 91' lang='lat' dir='ltr'>non</span> <span class='ocrx_word' id='word_1_144' title='bbox 482 1253 630 1294; x_wconf 89' lang='lat' dir='ltr'>timide</span> <span class='ocrx_word' id='word_1_145' title='bbox 652 1254 771 1295; x_wconf 88' lang='lat' dir='ltr'>solet.</span> <span class='ocrx_word' id='word_1_146' title='bbox 808 1269 997 1309; x_wconf 63' lang='lat' dir='ltr'>„namque</span> <span class='ocrx_word' id='word_1_147' title='bbox 1020 1254 1274 1295; x_wconf 89' lang='lat' dir='ltr'>Aristoteles</span> <span class='ocrx_word' id='word_1_148' title='bbox 1296 1254 1493 1294; x_wconf 84' lang='lat' dir='ltr'>idoneam</span> <span class='ocrx_word' id='word_1_149' title='bbox 1516 1253 1697 1293; x_wconf 80' lang='lat' dir='ltr'>maxime</span> <span class='ocrx_word' id='word_1_150' title='bbox 1711 1258 1764 1298; x_wconf 65' lang='lat'>(525</span> 
     </span>
     <span class='ocr_line' id='line_1_18' title="bbox 100 1321 1697 1377; baseline 0 -16"><span class='ocrx_word' id='word_1_151' title='bbox 100 1321 153 1361; x_wconf 91' lang='lat' dir='ltr'>ad</span> <span class='ocrx_word' id='word_1_152' title='bbox 184 1321 455 1362; x_wconf 87' lang='lat' dir='ltr'>scribendum</span> <span class='ocrx_word' id='word_1_153' title='bbox 496 1321 876 1363; x_wconf 84' lang='lat' dir='ltr'>demonstratiuam</span> <span class='ocrx_word' id='word_1_154' title='bbox 915 1323 1236 1377; x_wconf 79' lang='lat' dir='ltr'>proximamque</span> <span class='ocrx_word' id='word_1_155' title='bbox 1276 1322 1329 1362; x_wconf 90' lang='lat' dir='ltr'>ab</span> <span class='ocrx_word' id='word_1_156' title='bbox 1369 1336 1417 1362; x_wconf 91' lang='lat' dir='ltr'>ea</span> <span class='ocrx_word' id='word_1_157' title='bbox 1455 1321 1697 1362; x_wconf 84' lang='lat' dir='ltr'>iudicialem</span> 
     </span>
     <span class='ocr_line' id='line_1_19' title="bbox 99 1388 1697 1444; baseline -0.001 -15"><span class='ocrx_word' id='word_1_158' title='bbox 99 1389 282 1443; x_wconf 89' lang='lat' dir='ltr'>putauit,</span> <span class='ocrx_word' id='word_1_159' title='bbox 316 1389 515 1429; x_wconf 86' lang='lat' dir='ltr'>uidelicet</span> <span class='ocrx_word' id='word_1_160' title='bbox 545 1391 745 1444; x_wconf 88' lang='lat' dir='ltr'>quoniam</span> <span class='ocrx_word' id='word_1_161' title='bbox 767 1391 882 1444; x_wconf 85' lang='lat' dir='ltr'>prior</span> <span class='ocrx_word' id='word_1_162' title='bbox 905 1390 977 1431; x_wconf 88' lang='lat' dir='ltr'>illa</span> <span class='ocrx_word' id='word_1_163' title='bbox 999 1393 1090 1431; x_wconf 86' lang='lat' dir='ltr'>tota</span> <span class='ocrx_word' id='word_1_164' title='bbox 1112 1393 1223 1431; x_wconf 86' lang='lat' dir='ltr'>esset</span> <span class='ocrx_word' id='word_1_165' title='bbox 1243 1390 1559 1443; x_wconf 82' lang='lat' dir='ltr'>ostentationis,</span> <span class='ocrx_word' id='word_1_166' title='bbox 1593 1388 1697 1430; x_wconf 82' lang='lat' dir='ltr'>haec</span> 
     </span>
     <span class='ocr_line' id='line_1_20' title="bbox 101 1457 1696 1512; baseline 0.001 -15"><span class='ocrx_word' id='word_1_167' title='bbox 101 1457 285 1497; x_wconf 85' lang='lat' dir='ltr'>secunda</span> <span class='ocrx_word' id='word_1_168' title='bbox 317 1459 461 1511; x_wconf 79' lang='lat' dir='ltr'>egeret</span> <span class='ocrx_word' id='word_1_169' title='bbox 493 1457 596 1498; x_wconf 89' lang='lat' dir='ltr'>artis</span> <span class='ocrx_word' id='word_1_170' title='bbox 629 1458 699 1498; x_wconf 89' lang='lat' dir='ltr'>uel</span> <span class='ocrx_word' id='word_1_171' title='bbox 727 1458 779 1498; x_wconf 88' lang='lat' dir='ltr'>ad</span> <span class='ocrx_word' id='word_1_172' title='bbox 810 1458 1057 1512; x_wconf 81' lang='lat' dir='ltr'>fallendum,</span> <span class='ocrx_word' id='word_1_173' title='bbox 1092 1459 1125 1499; x_wconf 88' lang='lat' dir='ltr'>si</span> <span class='ocrx_word' id='word_1_174' title='bbox 1154 1459 1214 1499; x_wconf 89' lang='lat' dir='ltr'>ita</span> <span class='ocrx_word' id='word_1_175' title='bbox 1236 1459 1498 1512; x_wconf 74' lang='lat' dir='ltr'>poposcisset</span> <span class='ocrx_word' id='word_1_176' title='bbox 1519 1457 1696 1511; x_wconf 84' lang='lat' dir='ltr'>utilitas,</span> 
     </span>
    </p>

    <p class='ocr_par' dir='ltr' id='par_1_6' title="bbox 50 1524 1767 1716">
     <span class='ocr_line' id='line_1_21' title="bbox 50 1524 1767 1580; baseline 0.001 -17"><span class='ocrx_word' id='word_1_177' title='bbox 50 1540 82 1564; x_wconf 68' lang='lat'>22)</span> <span class='ocrx_word' id='word_1_178' title='bbox 102 1524 279 1565; x_wconf 89' lang='lat' dir='ltr'>consilia</span> <span class='ocrx_word' id='word_1_179' title='bbox 310 1525 390 1565; x_wconf 87' lang='lat' dir='ltr'>fide</span> <span class='ocrx_word' id='word_1_180' title='bbox 421 1525 731 1580; x_wconf 83' lang='lat' dir='ltr'>prudentiaque</span> <span class='ocrx_word' id='word_1_181' title='bbox 770 1528 1029 1567; x_wconf 78' lang='lat' dir='ltr'>constarent.</span> <span class='ocrx_word' id='word_1_182' title='bbox 1090 1527 1241 1580; x_wconf 87' lang='lat' dir='ltr'>quibus</span> <span class='ocrx_word' id='word_1_183' title='bbox 1281 1526 1324 1566; x_wconf 92' lang='lat' dir='ltr'>in</span> <span class='ocrx_word' id='word_1_184' title='bbox 1364 1526 1699 1567; x_wconf 87' lang='lat' dir='ltr'>demonstratiua</span> <span class='ocrx_word' id='word_1_185' title='bbox 1713 1525 1767 1566; x_wconf 74' lang='lat'>64</span> 
     </span>
     <span class='ocr_line' id='line_1_22' title="bbox 102 1592 1699 1649; baseline 0.001 -17"><span class='ocrx_word' id='word_1_186' title='bbox 102 1592 321 1633; x_wconf 82' lang='lat' dir='ltr'>consentio</span> <span class='ocrx_word' id='word_1_187' title='bbox 361 1593 479 1647; x_wconf 81' lang='lat' dir='ltr'>(nam</span> <span class='ocrx_word' id='word_1_188' title='bbox 520 1596 562 1634; x_wconf 85' lang='lat' dir='ltr'>et</span> <span class='ocrx_word' id='word_1_189' title='bbox 599 1608 746 1634; x_wconf 89' lang='lat' dir='ltr'>omnes</span> <span class='ocrx_word' id='word_1_190' title='bbox 786 1594 856 1634; x_wconf 89' lang='lat' dir='ltr'>alii</span> <span class='ocrx_word' id='word_1_191' title='bbox 896 1595 1124 1649; x_wconf 82' lang='lat' dir='ltr'>scriptores</span> <span class='ocrx_word' id='word_1_192' title='bbox 1163 1594 1275 1635; x_wconf 89' lang='lat' dir='ltr'>idem</span> <span class='ocrx_word' id='word_1_193' title='bbox 1306 1594 1615 1648; x_wconf 78' lang='lat' dir='ltr'>tradiderunt),</span> <span class='ocrx_word' id='word_1_194' title='bbox 1654 1593 1699 1634; x_wconf 89' lang='lat' dir='ltr'>in</span> 
     </span>
     <span class='ocr_line' id='line_1_23' title="bbox 101 1660 1699 1716; baseline 0.001 -16"><span class='ocrx_word' id='word_1_195' title='bbox 101 1660 266 1701; x_wconf 87' lang='lat' dir='ltr'>iudiciis</span> <span class='ocrx_word' id='word_1_196' title='bbox 298 1663 440 1701; x_wconf 90' lang='lat' dir='ltr'>autem</span> <span class='ocrx_word' id='word_1_197' title='bbox 481 1661 752 1715; x_wconf 82' lang='lat' dir='ltr'>consiliisque</span> <span class='ocrx_word' id='word_1_198' title='bbox 794 1662 1025 1703; x_wconf 87' lang='lat' dir='ltr'>secundum</span> <span class='ocrx_word' id='word_1_199' title='bbox 1065 1663 1357 1704; x_wconf 87' lang='lat' dir='ltr'>condicionem</span> <span class='ocrx_word' id='word_1_200' title='bbox 1394 1662 1550 1716; x_wconf 88' lang='lat' dir='ltr'>ipsius,</span> <span class='ocrx_word' id='word_1_201' title='bbox 1592 1676 1699 1716; x_wconf 86' lang='lat' dir='ltr'>quae</span> 
     </span>
    </p>
   </div>
   <div class='ocr_carea' id='block_1_3' title="bbox 101 1729 1815 1782">
    <p class='ocr_par' dir='ltr' id='par_1_7' title="bbox 101 1729 1815 1782">
     <span class='ocr_line' id='line_1_24' title="bbox 101 1729 1815 1782; baseline 0.001 -14"><span class='ocrx_word' id='word_1_202' title='bbox 101 1729 377 1782; x_wconf 87' lang='lat' dir='ltr'>tractabitur,</span> <span class='ocrx_word' id='word_1_203' title='bbox 418 1729 478 1770; x_wconf 89' lang='lat' dir='ltr'>rei</span> <span class='ocrx_word' id='word_1_204' title='bbox 519 1730 920 1771; x_wconf 83' lang='lat' dir='ltr'>accommodandam</span> <span class='ocrx_word' id='word_1_205' title='bbox 960 1730 1129 1771; x_wconf 87' lang='lat' dir='ltr'>dicendi</span> <span class='ocrx_word' id='word_1_206' title='bbox 1162 1731 1284 1771; x_wconf 85' lang='lat' dir='ltr'>credo</span> <span class='ocrx_word' id='word_1_207' title='bbox 1316 1731 1541 1771; x_wconf 86' lang='lat' dir='ltr'>rationem.</span> <span class='ocrx_word' id='word_1_208' title='bbox 1600 1731 1768 1771; x_wconf 70' lang='grc'>11011165</span> <span class='ocrx_word' id='word_1_209' title='bbox 1810 1747 1815 1750; x_wconf 92' lang='lat'>·</span> 
     </span>
    </p>
   </div>
   <div class='ocr_carea' id='block_1_4' title="bbox 51 1796 1768 2466">
    <p class='ocr_par' dir='ltr' id='par_1_8' title="bbox 102 1796 1698 1853">
     <span class='ocr_line' id='line_1_25' title="bbox 102 1796 1698 1853; baseline 0.002 -17"><span class='ocrx_word' id='word_1_210' title='bbox 102 1799 145 1837; x_wconf 88' lang='lat' dir='ltr'>et</span> <span class='ocrx_word' id='word_1_211' title='bbox 165 1796 427 1851; x_wconf 88' lang='lat' dir='ltr'>Philippicas</span> <span class='ocrx_word' id='word_1_212' title='bbox 452 1797 752 1839; x_wconf 85' lang='lat' dir='ltr'>Demosthenis</span> <span class='ocrx_word' id='word_1_213' title='bbox 784 1798 918 1839; x_wconf 89' lang='lat' dir='ltr'>isdem</span> <span class='ocrx_word' id='word_1_214' title='bbox 949 1799 1102 1853; x_wconf 89' lang='lat' dir='ltr'>quibus</span> <span class='ocrx_word' id='word_1_215' title='bbox 1134 1799 1304 1840; x_wconf 87' lang='lat' dir='ltr'>habitas</span> <span class='ocrx_word' id='word_1_216' title='bbox 1336 1800 1381 1840; x_wconf 90' lang='lat' dir='ltr'>in</span> <span class='ocrx_word' id='word_1_217' title='bbox 1412 1798 1578 1839; x_wconf 85' lang='lat' dir='ltr'>iudiciis</span> <span class='ocrx_word' id='word_1_218' title='bbox 1609 1812 1698 1839; x_wconf 88' lang='lat' dir='ltr'>ora-</span> 
     </span>
    </p>

    <p class='ocr_par' dir='ltr' id='par_1_9' title="bbox 51 1865 1700 1988">
     <span class='ocr_line' id='line_1_26' title="bbox 51 1865 1700 1920; baseline 0.002 -16"><span class='ocrx_word' id='word_1_219' title='bbox 51 1878 83 1903; x_wconf 66' lang='lat'>25</span> <span class='ocrx_word' id='word_1_220' title='bbox 102 1865 240 1905; x_wconf 87' lang='lat' dir='ltr'>tiones</span> <span class='ocrx_word' id='word_1_221' title='bbox 271 1865 393 1905; x_wconf 91' lang='lat' dir='ltr'>uideo</span> <span class='ocrx_word' id='word_1_222' title='bbox 426 1866 611 1906; x_wconf 84' lang='lat' dir='ltr'>eminere</span> <span class='ocrx_word' id='word_1_223' title='bbox 642 1867 896 1920; x_wconf 88' lang='lat' dir='ltr'>uirtutibus,</span> <span class='ocrx_word' id='word_1_224' title='bbox 939 1869 980 1907; x_wconf 88' lang='lat' dir='ltr'>et</span> <span class='ocrx_word' id='word_1_225' title='bbox 1012 1866 1228 1908; x_wconf 79' lang='lat' dir='ltr'>Ciceronis</span> <span class='ocrx_word' id='word_1_226' title='bbox 1261 1867 1499 1908; x_wconf 87' lang='lat' dir='ltr'>sententiae</span> <span class='ocrx_word' id='word_1_227' title='bbox 1531 1869 1573 1907; x_wconf 89' lang='lat' dir='ltr'>et</span> <span class='ocrx_word' id='word_1_228' title='bbox 1605 1881 1700 1908; x_wconf 89' lang='lat' dir='ltr'>con-</span> 
     </span>
     <span class='ocr_line' id='line_1_27' title="bbox 101 1933 1700 1988; baseline 0.003 -16"><span class='ocrx_word' id='word_1_229' title='bbox 101 1933 239 1973; x_wconf 86' lang='lat' dir='ltr'>tiones</span> <span class='ocrx_word' id='word_1_230' title='bbox 270 1947 356 1975; x_wconf 86' lang='lat' dir='ltr'>non</span> <span class='ocrx_word' id='word_1_231' title='bbox 388 1935 528 1974; x_wconf 88' lang='lat' dir='ltr'>minus</span> <span class='ocrx_word' id='word_1_232' title='bbox 561 1934 735 1988; x_wconf 89' lang='lat' dir='ltr'>clarum,</span> <span class='ocrx_word' id='word_1_233' title='bbox 777 1948 902 1988; x_wconf 89' lang='lat' dir='ltr'>quam</span> <span class='ocrx_word' id='word_1_234' title='bbox 935 1937 999 1975; x_wconf 89' lang='lat' dir='ltr'>est</span> <span class='ocrx_word' id='word_1_235' title='bbox 1029 1936 1073 1975; x_wconf 88' lang='lat' dir='ltr'>in</span> <span class='ocrx_word' id='word_1_236' title='bbox 1106 1936 1446 1976; x_wconf 80' lang='lat' dir='ltr'>accusationibus</span> <span class='ocrx_word' id='word_1_237' title='bbox 1479 1950 1527 1976; x_wconf 90' lang='lat' dir='ltr'>ac</span> <span class='ocrx_word' id='word_1_238' title='bbox 1558 1935 1700 1976; x_wconf 85' lang='lat' dir='ltr'>defen-</span> 
     </span>
    </p>

    <p class='ocr_par' dir='ltr' id='par_1_10' title="bbox 60 2001 1768 2194">
     <span class='ocr_line' id='line_1_28' title="bbox 60 2001 1765 2056; baseline 0.003 -16"><span class='ocrx_word' id='word_1_239' title='bbox 60 2050 63 2052; x_wconf 34' lang='grc'>,</span> <span class='ocrx_word' id='word_1_240' title='bbox 102 2001 316 2054; x_wconf 89' lang='lat' dir='ltr'>sionibus,</span> <span class='ocrx_word' id='word_1_241' title='bbox 366 2001 632 2056; x_wconf 84' lang='lat' dir='ltr'>eloquentiae</span> <span class='ocrx_word' id='word_1_242' title='bbox 672 2003 816 2043; x_wconf 90' lang='lat' dir='ltr'>lumen</span> <span class='ocrx_word' id='word_1_243' title='bbox 856 2003 1102 2044; x_wconf 86' lang='lat' dir='ltr'>ostendunt.</span> <span class='ocrx_word' id='word_1_244' title='bbox 1171 2004 1274 2045; x_wconf 85' lang='lat' dir='ltr'>dicit</span> <span class='ocrx_word' id='word_1_245' title='bbox 1312 2006 1456 2044; x_wconf 87' lang='lat' dir='ltr'>tamen</span> <span class='ocrx_word' id='word_1_246' title='bbox 1496 2004 1609 2045; x_wconf 89' lang='lat' dir='ltr'>idem</span> <span class='ocrx_word' id='word_1_247' title='bbox 1650 2005 1700 2044; x_wconf 91' lang='lat' dir='ltr'>de</span> <span class='ocrx_word' id='word_1_248' title='bbox 1747 2036 1765 2045; x_wconf 40' lang='lat' dir='ltr'>x</span> 
     </span>
     <span class='ocr_line' id='line_1_29' title="bbox 102 2068 1700 2126; baseline 0.003 -18"><span class='ocrx_word' id='word_1_249' title='bbox 102 2069 292 2109; x_wconf 85' lang='lat' dir='ltr'>suasoria</span> <span class='ocrx_word' id='word_1_250' title='bbox 322 2068 402 2110; x_wconf 90' lang='lat' dir='ltr'>hoc</span> <span class='ocrx_word' id='word_1_251' title='bbox 434 2069 577 2111; x_wconf 84' lang='lat' dir='ltr'>modo:</span> <span class='ocrx_word' id='word_1_252' title='bbox 616 2073 730 2111; x_wconf 87' lang='lat' dir='ltr'>tota</span> <span class='ocrx_word' id='word_1_253' title='bbox 771 2072 941 2111; x_wconf 84' lang='lat' dir='ltr'>autem</span> <span class='ocrx_word' id='word_1_254' title='bbox 983 2072 1153 2113; x_wconf 85' lang='lat' dir='ltr'>oratio</span> <span class='ocrx_word' id='word_1_255' title='bbox 1185 2072 1409 2125; x_wconf 77' lang='lat' dir='ltr'>simplex</span> <span class='ocrx_word' id='word_1_256' title='bbox 1441 2074 1490 2112; x_wconf 88' lang='lat' dir='ltr'>et</span> <span class='ocrx_word' id='word_1_257' title='bbox 1520 2072 1700 2126; x_wconf 82' lang='lat' dir='ltr'>grauis</span> 
     </span>
     <span class='ocr_line' id='line_1_30' title="bbox 103 2137 1768 2194; baseline 0.002 -18"><span class='ocrx_word' id='word_1_258' title='bbox 103 2139 152 2176; x_wconf 90' lang='lat' dir='ltr'>et</span> <span class='ocrx_word' id='word_1_259' title='bbox 190 2137 480 2177; x_wconf 83' lang='lat' dir='ltr'>sententiis</span> <span class='ocrx_word' id='word_1_260' title='bbox 520 2137 676 2178; x_wconf 90' lang='lat' dir='ltr'>debet</span> <span class='ocrx_word' id='word_1_261' title='bbox 714 2139 955 2179; x_wconf 87' lang='lat' dir='ltr'>ornatior</span> <span class='ocrx_word' id='word_1_262' title='bbox 997 2154 1108 2180; x_wconf 81' lang='lat' dir='ltr'>esse</span> <span class='ocrx_word' id='word_1_263' title='bbox 1149 2154 1296 2194; x_wconf 86' lang='lat' dir='ltr'>quam</span> <span class='ocrx_word' id='word_1_264' title='bbox 1327 2140 1518 2181; x_wconf 87' lang='lat' dir='ltr'>uerbis.</span> <span class='ocrx_word' id='word_1_265' title='bbox 1580 2139 1768 2180; x_wconf 78' lang='grc'>1131111166</span> 
     </span>
    </p>

    <p class='ocr_par' dir='ltr' id='par_1_11' title="bbox 52 2205 1766 2466">
     <span class='ocr_line' id='line_1_31' title="bbox 52 2205 1699 2261; baseline 0.003 -17"><span class='ocrx_word' id='word_1_266' title='bbox 52 2219 85 2243; x_wconf 77' lang='lat'>30</span> <span class='ocrx_word' id='word_1_267' title='bbox 105 2205 392 2259; x_wconf 77' lang='lat' dir='ltr'>exemplorum</span> <span class='ocrx_word' id='word_1_268' title='bbox 429 2206 536 2246; x_wconf 88' lang='lat' dir='ltr'>nulli</span> <span class='ocrx_word' id='word_1_269' title='bbox 574 2207 777 2247; x_wconf 86' lang='lat' dir='ltr'>materiae</span> <span class='ocrx_word' id='word_1_270' title='bbox 816 2207 953 2261; x_wconf 79' lang='lat' dir='ltr'>magis</span> <span class='ocrx_word' id='word_1_271' title='bbox 993 2208 1220 2248; x_wconf 89' lang='lat' dir='ltr'>conuenire</span> <span class='ocrx_word' id='word_1_272' title='bbox 1252 2209 1403 2248; x_wconf 88' lang='lat' dir='ltr'>merito</span> <span class='ocrx_word' id='word_1_273' title='bbox 1434 2208 1522 2249; x_wconf 88' lang='lat' dir='ltr'>fere</span> <span class='ocrx_word' id='word_1_274' title='bbox 1553 2222 1699 2249; x_wconf 79' lang='lat' dir='ltr'>omnes</span> 
     </span>
     <span class='ocr_line' id='line_1_32' title="bbox 105 2273 1700 2330; baseline 0.002 -17"><span class='ocrx_word' id='word_1_275' title='bbox 105 2273 400 2326; x_wconf 82' lang='lat' dir='ltr'>consentiunt,</span> <span class='ocrx_word' id='word_1_276' title='bbox 443 2289 537 2314; x_wconf 91' lang='lat' dir='ltr'>cum</span> <span class='ocrx_word' id='word_1_277' title='bbox 576 2274 823 2328; x_wconf 88' lang='lat' dir='ltr'>plerumque</span> <span class='ocrx_word' id='word_1_278' title='bbox 862 2276 1088 2316; x_wconf 80' lang='lat' dir='ltr'>uideantur</span> <span class='ocrx_word' id='word_1_279' title='bbox 1119 2276 1374 2330; x_wconf 85' lang='lat' dir='ltr'>respondere</span> <span class='ocrx_word' id='word_1_280' title='bbox 1406 2278 1550 2317; x_wconf 81' lang='lat' dir='ltr'>futura</span> <span class='ocrx_word' id='word_1_281' title='bbox 1582 2291 1700 2330; x_wconf 78' lang='lat' dir='ltr'>prac-</span> 
     </span>
     <span class='ocr_line' id='line_1_33' title="bbox 104 2340 1701 2398; baseline 0.002 -18"><span class='ocrx_word' id='word_1_282' title='bbox 104 2341 241 2381; x_wconf 87' lang='lat' dir='ltr'>teritis</span> <span class='ocrx_word' id='word_1_283' title='bbox 272 2340 560 2395; x_wconf 83' lang='lat' dir='ltr'>habeaturque</span> <span class='ocrx_word' id='word_1_284' title='bbox 600 2343 937 2396; x_wconf 83' lang='lat' dir='ltr'>experimentum</span> <span class='ocrx_word' id='word_1_285' title='bbox 976 2343 1093 2384; x_wconf 90' lang='lat' dir='ltr'>uelut</span> <span class='ocrx_word' id='word_1_286' title='bbox 1131 2344 1340 2398; x_wconf 87' lang='lat' dir='ltr'>quoddam</span> <span class='ocrx_word' id='word_1_287' title='bbox 1373 2344 1552 2384; x_wconf 84' lang='lat' dir='ltr'>rationis</span> <span class='ocrx_word' id='word_1_288' title='bbox 1583 2344 1701 2384; x_wconf 73' lang='lat' dir='ltr'>testi-</span> 
     </span>
     <span class='ocr_line' id='line_1_34' title="bbox 106 2408 1766 2466; baseline 0.004 -18"><span class='ocrx_word' id='word_1_289' title='bbox 106 2408 307 2449; x_wconf 88' lang='lat' dir='ltr'>monium.</span> <span class='ocrx_word' id='word_1_290' title='bbox 368 2409 555 2449; x_wconf 88' lang='lat' dir='ltr'>breuitas</span> <span class='ocrx_word' id='word_1_291' title='bbox 592 2424 756 2463; x_wconf 84' lang='lat' dir='ltr'>quoque</span> <span class='ocrx_word' id='word_1_292' title='bbox 795 2413 868 2451; x_wconf 84' lang='lat' dir='ltr'>aut</span> <span class='ocrx_word' id='word_1_293' title='bbox 908 2412 1028 2465; x_wconf 86' lang='lat' dir='ltr'>copia</span> <span class='ocrx_word' id='word_1_294' title='bbox 1060 2426 1145 2452; x_wconf 86' lang='grc'>11011</span> <span class='ocrx_word' id='word_1_295' title='bbox 1177 2413 1380 2453; x_wconf 78' lang='lat' dir='ltr'>materiae</span> <span class='ocrx_word' id='word_1_296' title='bbox 1412 2426 1589 2466; x_wconf 74' lang='lat' dir='ltr'>genere,</span> <span class='ocrx_word' id='word_1_297' title='bbox 1631 2411 1766 2453; x_wconf 76' lang='grc'>301167</span> 
     </span>
    </p>
   </div>
   <div class='ocr_carea' id='block_1_5' title="bbox 201 2557 1075 2602">
    <p class='ocr_par' dir='ltr' id='par_1_12' title="bbox 201 2557 1075 2602">
     <span class='ocr_line' id='line_1_35' title="bbox 201 2557 1075 2602; baseline 0.005 -13"><span class='ocrx_word' id='word_1_298' title='bbox 201 2559 252 2589; x_wconf 84' lang='grc'>16.</span> <span class='ocrx_word' id='word_1_299' title='bbox 278 2557 383 2589; x_wconf 83' lang='lat' dir='ltr'>Rhet.</span> <span class='ocrx_word' id='word_1_300' title='bbox 411 2561 442 2599; x_wconf 85' lang='lat'>3,</span> <span class='ocrx_word' id='word_1_301' title='bbox 472 2559 524 2589; x_wconf 75' lang='lat'>12.</span> <span class='ocrx_word' id='word_1_302' title='bbox 619 2560 674 2592; x_wconf 71' lang='lat'>⁶28.</span> <span class='ocrx_word' id='word_1_303' title='bbox 699 2559 798 2591; x_wconf 87' lang='lat' dir='ltr'>Part.</span> <span class='ocrx_word' id='word_1_304' title='bbox 825 2564 914 2592; x_wconf 86' lang='lat' dir='ltr'>orat.</span> <span class='ocrx_word' id='word_1_305' title='bbox 941 2563 995 2602; x_wconf 78' lang='lat'>27,</span> <span class='ocrx_word' id='word_1_306' title='bbox 1022 2563 1075 2593; x_wconf 79' lang='lat'>97.</span> 
     </span>
    </p>
   </div>
   <div class='ocr_carea' id='block_1_6' title="bbox 279 2645 377 2647">
    <p class='ocr_par' dir='ltr' id='par_1_13' title="bbox 279 2645 377 2647">
     <span class='ocr_line' id='line_1_36' title="bbox 279 2645 377 2647; baseline 0 0"><span class='ocrx_word' id='word_1_307' title='bbox 279 2645 377 2647; x_wconf 95' lang='lat' dir='ltr'> </span> 
     </span>
    </p>
   </div>
   <div class='ocr_carea' id='block_1_7' title="bbox 104 2694 1703 3009">
    <p class='ocr_par' dir='ltr' id='par_1_14' title="bbox 104 2694 1703 2967">
     <span class='ocr_line' id='line_1_37' title="bbox 198 2694 1701 2737; baseline 0.002 -12"><span class='ocrx_word' id='word_1_308' title='bbox 198 2697 213 2725; x_wconf 94' lang='lat'>1</span> <span class='ocrx_word' id='word_1_309' title='bbox 242 2696 396 2736; x_wconf 86' lang='lat' dir='ltr'>quiritet</span> <span class='ocrx_word' id='word_1_310' title='bbox 412 2694 454 2735; x_wconf 88' lang='lat' dir='ltr'>A,</span> <span class='ocrx_word' id='word_1_311' title='bbox 480 2697 542 2727; x_wconf 78' lang='lat' dir='ltr'>sed</span> <span class='ocrx_word' id='word_1_312' title='bbox 559 2699 613 2726; x_wconf 74' lang='lat' dir='ltr'>tet</span> <span class='ocrx_word' id='word_1_313' title='bbox 631 2701 842 2737; x_wconf 73' lang='lat' dir='ltr'>eoepmzclzmt,</span> <span class='ocrx_word' id='word_1_314' title='bbox 869 2697 1026 2737; x_wconf 82' lang='lat' dir='ltr'>queritct</span> <span class='ocrx_word' id='word_1_315' title='bbox 1051 2700 1070 2728; x_wconf 94' lang='lat' dir='ltr'>b</span> <span class='ocrx_word' id='word_1_316' title='bbox 1144 2701 1179 2728; x_wconf 84' lang='lat' dir='ltr'>et</span> <span class='ocrx_word' id='word_1_317' title='bbox 1204 2698 1339 2728; x_wconf 88' lang='lat' dir='ltr'>ABnb:</span> <span class='ocrx_word' id='word_1_318' title='bbox 1366 2708 1427 2730; x_wconf 75' lang='lat' dir='ltr'>om.</span> <span class='ocrx_word' id='word_1_319' title='bbox 1446 2698 1497 2737; x_wconf 86' lang='lat' dir='ltr'>Bg</span> <span class='ocrx_word' id='word_1_320' title='bbox 1579 2700 1598 2729; x_wconf 79' lang='lat'><strong>3</strong></span> <span class='ocrx_word' id='word_1_321' title='bbox 1623 2697 1701 2729; x_wconf 91' lang='lat' dir='ltr'>ubi-</span> 
     </span>
     <span class='ocr_line' id='line_1_38' title="bbox 108 2740 1701 2781; baseline 0.001 -10"><span class='ocrx_word' id='word_1_322' title='bbox 108 2751 177 2781; x_wconf 83' lang='lat' dir='ltr'>que</span> <span class='ocrx_word' id='word_1_323' title='bbox 196 2740 347 2771; x_wconf 75' lang='lat' dir='ltr'>Burman</span> <span class='ocrx_word' id='word_1_324' title='bbox 365 2746 396 2772; x_wconf 78' lang='lat' dir='ltr'>et</span> <span class='ocrx_word' id='word_1_325' title='bbox 420 2741 564 2772; x_wconf 71' lang='lat' dir='ltr'>lVallcet‘</span> <span class='ocrx_word' id='word_1_326' title='bbox 583 2742 628 2772; x_wconf 77' lang='lat' dir='ltr'>ml</span> <span class='ocrx_word' id='word_1_327' title='bbox 646 2741 714 2772; x_wconf 68' lang='lat' dir='ltr'>Cic.</span> <span class='ocrx_word' id='word_1_328' title='bbox 733 2743 774 2772; x_wconf 80' lang='lat' dir='ltr'>de</span> <span class='ocrx_word' id='word_1_329' title='bbox 793 2747 860 2773; x_wconf 74' lang='lat' dir='ltr'>nat.</span> <span class='ocrx_word' id='word_1_330' title='bbox 888 2744 921 2775; x_wconf 63' lang='lat' dir='ltr'>fl.</span> <span class='ocrx_word' id='word_1_331' title='bbox 943 2745 963 2773; x_wconf 71' lang='lat'><em>3</em></span> <span class='ocrx_word' id='word_1_332' title='bbox 978 2755 1005 2775; x_wconf 84' lang='grc'>(·,</span> <span class='ocrx_word' id='word_1_333' title='bbox 1023 2745 1065 2773; x_wconf 70' lang='grc'>41]</span> <span class='ocrx_word' id='word_1_334' title='bbox 1158 2745 1178 2773; x_wconf 67' lang='lat'>4</span> <span class='ocrx_word' id='word_1_335' title='bbox 1204 2743 1489 2774; x_wconf 83' lang='lat' dir='ltr'>moderationem</span> <span class='ocrx_word' id='word_1_336' title='bbox 1507 2743 1554 2773; x_wconf 87' lang='lat' dir='ltr'>A:</span> <span class='ocrx_word' id='word_1_337' title='bbox 1582 2743 1701 2774; x_wconf 86' lang='lat' dir='ltr'>mode-</span> 
     </span>
     <span class='ocr_line' id='line_1_39' title="bbox 107 2786 1700 2828; baseline 0.002 -12"><span class='ocrx_word' id='word_1_338' title='bbox 107 2786 284 2817; x_wconf 84' lang='lat' dir='ltr'>rationem</span> <span class='ocrx_word' id='word_1_339' title='bbox 309 2786 561 2828; x_wconf 83' lang='lat' dir='ltr'>rationemque</span> <span class='ocrx_word' id='word_1_340' title='bbox 589 2787 613 2816; x_wconf 81' lang='lat' dir='ltr'>B</span> <span class='ocrx_word' id='word_1_341' title='bbox 709 2788 728 2818; x_wconf 80' lang='lat'>8</span> <span class='ocrx_word' id='word_1_342' title='bbox 753 2787 982 2819; x_wconf 69' lang='lat' dir='ltr'>turbidius**</span> <span class='ocrx_word' id='word_1_343' title='bbox 1008 2789 1059 2827; x_wconf 88' lang='lat' dir='ltr'>Bg</span> <span class='ocrx_word' id='word_1_344' title='bbox 1159 2789 1177 2819; x_wconf 76' lang='lat'>9</span> <span class='ocrx_word' id='word_1_345' title='bbox 1204 2788 1267 2819; x_wconf 83' lang='lat' dir='ltr'>sed</span> <span class='ocrx_word' id='word_1_346' title='bbox 1292 2789 1364 2819; x_wconf 84' lang='lat' dir='ltr'>Ba:</span> <span class='ocrx_word' id='word_1_347' title='bbox 1392 2792 1428 2819; x_wconf 84' lang='lat' dir='ltr'>et</span> <span class='ocrx_word' id='word_1_348' title='bbox 1452 2789 1481 2818; x_wconf 88' lang='lat' dir='ltr'>A</span> <span class='ocrx_word' id='word_1_349' title='bbox 1582 2790 1619 2818; x_wconf 92' lang='lat' dir='ltr'>ll</span> <span class='ocrx_word' id='word_1_350' title='bbox 1648 2799 1700 2820; x_wconf 88' lang='lat' dir='ltr'>re-</span> 
     </span>
     <span class='ocr_line' id='line_1_40' title="bbox 104 2832 1701 2873; baseline 0.002 -12"><span class='ocrx_word' id='word_1_351' title='bbox 104 2842 178 2872; x_wconf 64' lang='lat' dir='ltr'>glum</span> <span class='ocrx_word' id='word_1_352' title='bbox 203 2832 231 2861; x_wconf 92' lang='lat' dir='ltr'>A</span> <span class='ocrx_word' id='word_1_353' title='bbox 347 2835 497 2863; x_wconf 83' lang='lat' dir='ltr'>senatus</span> <span class='ocrx_word' id='word_1_354' title='bbox 524 2832 648 2873; x_wconf 83' lang='lat' dir='ltr'>populi</span> <span class='ocrx_word' id='word_1_355' title='bbox 674 2833 719 2862; x_wconf 89' lang='lat' dir='ltr'>A:</span> <span class='ocrx_word' id='word_1_356' title='bbox 748 2842 827 2873; x_wconf 79' lang='lat' dir='ltr'>pop.</span> <span class='ocrx_word' id='word_1_357' title='bbox 857 2839 1008 2864; x_wconf 79' lang='lat' dir='ltr'>senatus</span> <span class='ocrx_word' id='word_1_358' title='bbox 1033 2833 1058 2863; x_wconf 88' lang='lat' dir='ltr'>B</span> <span class='ocrx_word' id='word_1_359' title='bbox 1179 2835 1217 2864; x_wconf 69' lang='lat'>1²2</span> <span class='ocrx_word' id='word_1_360' title='bbox 1244 2835 1341 2865; x_wconf 86' lang='lat' dir='ltr'>ueris</span> <span class='ocrx_word' id='word_1_361' title='bbox 1368 2833 1514 2864; x_wconf 87' lang='lat' dir='ltr'>consilii</span> <span class='ocrx_word' id='word_1_362' title='bbox 1538 2832 1566 2863; x_wconf 87' lang='lat' dir='ltr'>A</span> <span class='ocrx_word' id='word_1_363' title='bbox 1661 2835 1701 2864; x_wconf 80' lang='lat'>14</span> 
     </span>
     <span class='ocr_line' id='line_1_41' title="bbox 108 2875 1703 2920; baseline 0.002 -14"><span class='ocrx_word' id='word_1_364' title='bbox 108 2875 318 2907; x_wconf 84' lang='lat' dir='ltr'>adfectione</span> <span class='ocrx_word' id='word_1_365' title='bbox 344 2875 425 2907; x_wconf 82' lang='lat' dir='ltr'>AB:</span> <span class='ocrx_word' id='word_1_366' title='bbox 455 2877 692 2908; x_wconf 81' lang='lat' dir='ltr'>affectatione</span> <span class='ocrx_word' id='word_1_367' title='bbox 719 2877 842 2918; x_wconf 62' lang='lat' dir='ltr'>Hessius</span> <span class='ocrx_word' id='word_1_368' title='bbox 984 2881 1023 2908; x_wconf 71' lang='grc'>19</span> <span class='ocrx_word' id='word_1_369' title='bbox 1051 2878 1189 2908; x_wconf 79' lang='lat' dir='ltr'>artibus</span> <span class='ocrx_word' id='word_1_370' title='bbox 1215 2880 1262 2909; x_wconf 82' lang='lat' dir='ltr'>ab</span> <span class='ocrx_word' id='word_1_371' title='bbox 1289 2877 1430 2920; x_wconf 74' lang='lat' dir='ltr'>(egeret</span> <span class='ocrx_word' id='word_1_372' title='bbox 1456 2879 1562 2910; x_wconf 84' lang='lat' dir='ltr'>artib.</span> <span class='ocrx_word' id='word_1_373' title='bbox 1590 2878 1647 2909; x_wconf 87' lang='lat' dir='ltr'>uel</span> <span class='ocrx_word' id='word_1_374' title='bbox 1674 2879 1703 2909; x_wconf 91' lang='lat' dir='ltr'>A</span> 
     </span>
     <span class='ocr_line' id='line_1_42' title="bbox 107 2921 1701 2967; baseline 0.002 -16"><span class='ocrx_word' id='word_1_375' title='bbox 107 2923 127 2951; x_wconf 83' lang='lat'><em>2</em></span> <span class='ocrx_word' id='word_1_376' title='bbox 144 2932 184 2951; x_wconf 78' lang='lat' dir='ltr'>m.</span> <span class='ocrx_word' id='word_1_377' title='bbox 213 2923 245 2952; x_wconf 75' lang='lat' dir='ltr'>in</span> <span class='ocrx_word' id='word_1_378' title='bbox 269 2921 368 2967; x_wconf 42' lang='grc' dir='ltr'>ναις-,λ</span> <span class='ocrx_word' id='word_1_379' title='bbox 381 2922 424 2961; x_wconf 71' lang='lat' dir='ltr'>ef.</span> <span class='ocrx_word' id='word_1_380' title='bbox 447 2924 476 2958; x_wconf 75' lang='lat'>2,</span> <span class='ocrx_word' id='word_1_381' title='bbox 498 2924 549 2962; x_wconf 74' lang='lat'>16,</span> <span class='ocrx_word' id='word_1_382' title='bbox 574 2926 614 2952; x_wconf 64' lang='lat'>75:</span> <span class='ocrx_word' id='word_1_383' title='bbox 710 2924 752 2953; x_wconf 74' lang='lat'>20</span> <span class='ocrx_word' id='word_1_384' title='bbox 778 2923 932 2953; x_wconf 72' lang='lat' dir='ltr'>consilio</span> <span class='ocrx_word' id='word_1_385' title='bbox 961 2940 999 2943; x_wconf 87' lang='lat'>—</span> <span class='ocrx_word' id='word_1_386' title='bbox 1028 2927 1214 2954; x_wconf 59' lang='lat' dir='ltr'>crmstaret.</span> <span class='ocrx_word' id='word_1_387' title='bbox 1239 2925 1267 2954; x_wconf 97' lang='lat' dir='ltr'>A</span> <span class='ocrx_word' id='word_1_388' title='bbox 1359 2926 1402 2955; x_wconf 71' lang='lat'>‘24</span> <span class='ocrx_word' id='word_1_389' title='bbox 1426 2923 1648 2965; x_wconf 83' lang='lat' dir='ltr'>philippicos</span> <span class='ocrx_word' id='word_1_390' title='bbox 1673 2925 1701 2954; x_wconf 88' lang='lat' dir='ltr'>A</span> 
     </span>
    </p>

    <p class='ocr_par' dir='ltr' id='par_1_15' title="bbox 198 2967 1349 3009">
     <span class='ocr_line' id='line_1_43' title="bbox 198 2967 1349 3009; baseline 0.003 -13"><span class='ocrx_word' id='word_1_391' title='bbox 198 2969 239 2998; x_wconf 80' lang='lat'>33</span> <span class='ocrx_word' id='word_1_392' title='bbox 266 2967 430 3008; x_wconf 47' lang='lat' dir='ltr'>copiast)</span> <span class='ocrx_word' id='word_1_393' title='bbox 456 2968 508 3006; x_wconf 83' lang='lat' dir='ltr'>Bg</span> <span class='ocrx_word' id='word_1_394' title='bbox 536 2970 606 2998; x_wconf 72' lang='lat'><em>1112.</em></span> <span class='ocrx_word' id='word_1_395' title='bbox 703 2972 791 2999; x_wconf 79' lang='lat' dir='ltr'>inat.</span> <span class='ocrx_word' id='word_1_396' title='bbox 818 2978 951 3006; x_wconf 63' lang='lat' dir='ltr'>genere</span> <span class='ocrx_word' id='word_1_397' title='bbox 978 2967 1022 2998; x_wconf 87' lang='lat' dir='ltr'>A:</span> <span class='ocrx_word' id='word_1_398' title='bbox 1051 2979 1185 3009; x_wconf 73' lang='lat' dir='ltr'>gener(-</span> <span class='ocrx_word' id='word_1_399' title='bbox 1213 2972 1297 2999; x_wconf 67' lang='lat' dir='ltr'>mat.</span> <span class='ocrx_word' id='word_1_400' title='bbox 1324 2970 1349 2999; x_wconf 89' lang='lat' dir='ltr'><strong>B</strong></span> 
     </span>
    </p>
   </div>
   <div class='ocr_carea' id='block_1_8' title="bbox 176 3022 1427 3062">
    <p class='ocr_par' dir='ltr' id='par_1_16' title="bbox 176 3022 1427 3062">
     <span class='ocr_line' id='line_1_44' title="bbox 176 3022 1427 3062; baseline 0.002 -8"><span class='ocrx_word' id='word_1_401' title='bbox 176 3024 353 3062; x_wconf 76' lang='lat' dir='ltr'>QUINTIL.</span> <span class='ocrx_word' id='word_1_402' title='bbox 376 3022 431 3054; x_wconf 85' lang='lat' dir='ltr'>ed.</span> <span class='ocrx_word' id='word_1_403' title='bbox 454 3024 578 3055; x_wconf 70' lang='lat' dir='ltr'>HALM.</span> <span class='ocrx_word' id='word_1_404' title='bbox 608 3024 685 3056; x_wconf 86' lang='lat' dir='ltr'>Vol.</span> <span class='ocrx_word' id='word_1_405' title='bbox 708 3024 734 3055; x_wconf 71' lang='grc' dir='ltr'>Ι,</span> <span class='ocrx_word' id='word_1_406' title='bbox 1390 3029 1427 3057; x_wconf 83' lang='lat'>11</span> 
     </span>
    </p>
   </div>
  </div>
 </body>
</html>
