<?xml version="1.0" encoding="UTF-8"?>
<!DOCTYPE html PUBLIC "-//W3C//DTD XHTML 1.0 Transitional//EN"
    "http://www.w3.org/TR/xhtml1/DTD/xhtml1-transitional.dtd">
<html xmlns="http://www.w3.org/1999/xhtml" xml:lang="en" lang="en">
 <head>
  <title>
</title>
<meta http-equiv="Content-Type" content="text/html;charset=utf-8" />
  <meta name='ocr-system' content='tesseract 3.04.00' />
  <meta name='ocr-capabilities' content='ocr_page ocr_carea ocr_par ocr_line ocrx_word'/>
</head>
<body>
  <div class='ocr_page' id='page_1' title='image "./institutionisora00quinuoft_0197.png"; bbox 0 0 1955 3228; ppageno 0'>
   <div class='ocr_carea' id='block_1_1' title="bbox 0 0 46 3228">
    <p class='ocr_par' dir='ltr' id='par_1_1' title="bbox 0 0 46 3228">
     <span class='ocr_line' id='line_1_1' title="bbox 0 0 46 3228; baseline 0 0"><span class='ocrx_word' id='word_1_1' title='bbox 0 0 46 3228; x_wconf 95' lang='lat' dir='ltr'> </span> 
     </span>
    </p>
   </div>
   <div class='ocr_carea' id='block_1_2' title="bbox 842 116 1809 170">
    <p class='ocr_par' dir='ltr' id='par_1_2' title="bbox 842 116 1809 170">
     <span class='ocr_line' id='line_1_2' title="bbox 842 116 1809 170; baseline 0.006 -13"><span class='ocrx_word' id='word_1_2' title='bbox 842 116 902 157; x_wconf 62' lang='lat' dir='ltr'>1vss</span> <span class='ocrx_word' id='word_1_3' title='bbox 955 126 984 170; x_wconf 84' lang='grc'>1,</span> <span class='ocrx_word' id='word_1_4' title='bbox 1007 126 1050 156; x_wconf 76' lang='grc'>56</span> <span class='ocrx_word' id='word_1_5' title='bbox 1065 143 1111 147; x_wconf 84' lang='grc'>-</span> <span class='ocrx_word' id='word_1_6' title='bbox 1125 126 1181 158; x_wconf 73' lang='lat' dir='ltr'>es.</span> <span class='ocrx_word' id='word_1_7' title='bbox 1734 122 1809 164; x_wconf 85' lang='lat'>181</span> 
     </span>
    </p>
   </div>
   <div class='ocr_carea' id='block_1_3' title="bbox 113 230 1878 2124">
    <p class='ocr_par' dir='ltr' id='par_1_3' title="bbox 210 230 1812 286">
     <span class='ocr_line' id='line_1_3' title="bbox 210 230 1812 286; baseline 0.002 -12"><span class='ocrx_word' id='word_1_8' title='bbox 210 233 373 274; x_wconf 83' lang='lat' dir='ltr'>derant.</span> <span class='ocrx_word' id='word_1_9' title='bbox 424 231 590 273; x_wconf 87' lang='lat' dir='ltr'>ridendi</span> <span class='ocrx_word' id='word_1_10' title='bbox 623 245 744 285; x_wconf 80' lang='lat' dir='ltr'>uero,</span> <span class='ocrx_word' id='word_1_11' title='bbox 778 230 849 285; x_wconf 80' lang='lat' dir='ltr'>qui</span> <span class='ocrx_word' id='word_1_12' title='bbox 883 230 999 271; x_wconf 87' lang='lat' dir='ltr'>uelut</span> <span class='ocrx_word' id='word_1_13' title='bbox 1029 231 1167 285; x_wconf 83' lang='lat' dir='ltr'>legem</span> <span class='ocrx_word' id='word_1_14' title='bbox 1199 232 1428 286; x_wconf 74' lang='lat' dir='ltr'>prooemiis</span> <span class='ocrx_word' id='word_1_15' title='bbox 1459 233 1656 275; x_wconf 85' lang='lat' dir='ltr'>omnibus</span> <span class='ocrx_word' id='word_1_16' title='bbox 1688 235 1812 277; x_wconf 84' lang='lat' dir='ltr'>dede-</span> 
     </span>
    </p>

    <p class='ocr_par' dir='ltr' id='par_1_4' title="bbox 208 299 1812 353">
     <span class='ocr_line' id='line_1_4' title="bbox 208 299 1812 353; baseline 0.002 -12"><span class='ocrx_word' id='word_1_17' title='bbox 208 302 321 353; x_wconf 82' lang='lat' dir='ltr'>runt,</span> <span class='ocrx_word' id='word_1_18' title='bbox 354 302 401 341; x_wconf 92' lang='lat' dir='ltr'>ut</span> <span class='ocrx_word' id='word_1_19' title='bbox 422 300 537 341; x_wconf 83' lang='lat' dir='ltr'>intra</span> <span class='ocrx_word' id='word_1_20' title='bbox 559 300 760 353; x_wconf 84' lang='lat' dir='ltr'>quattuor</span> <span class='ocrx_word' id='word_1_21' title='bbox 781 312 930 339; x_wconf 79' lang='lat' dir='ltr'>sensus</span> <span class='ocrx_word' id='word_1_22' title='bbox 952 299 1301 341; x_wconf 69' lang='lat' dir='ltr'>terminarentur.</span> <span class='ocrx_word' id='word_1_23' title='bbox 1343 315 1423 342; x_wconf 88' lang='lat' dir='ltr'>nec</span> <span class='ocrx_word' id='word_1_24' title='bbox 1444 301 1585 342; x_wconf 88' lang='lat' dir='ltr'>minus</span> <span class='ocrx_word' id='word_1_25' title='bbox 1608 302 1812 344; x_wconf 87' lang='lat' dir='ltr'>euitanda</span> 
     </span>
    </p>

    <p class='ocr_par' dir='ltr' id='par_1_5' title="bbox 209 365 1811 422">
     <span class='ocr_line' id='line_1_5' title="bbox 209 365 1811 422; baseline 0.002 -14"><span class='ocrx_word' id='word_1_26' title='bbox 209 369 273 408; x_wconf 84' lang='lat' dir='ltr'>est</span> <span class='ocrx_word' id='word_1_27' title='bbox 302 367 515 408; x_wconf 83' lang='lat' dir='ltr'>inmodica</span> <span class='ocrx_word' id='word_1_28' title='bbox 547 366 635 408; x_wconf 82' lang='lat' dir='ltr'>eius</span> <span class='ocrx_word' id='word_1_29' title='bbox 666 365 911 421; x_wconf 72' lang='lat' dir='ltr'>longitudo,</span> <span class='ocrx_word' id='word_1_30' title='bbox 950 381 1004 407; x_wconf 90' lang='lat' dir='ltr'>ne</span> <span class='ocrx_word' id='word_1_31' title='bbox 1035 366 1081 407; x_wconf 90' lang='lat' dir='ltr'>in</span> <span class='ocrx_word' id='word_1_32' title='bbox 1114 369 1242 422; x_wconf 80' lang='lat' dir='ltr'>caput</span> <span class='ocrx_word' id='word_1_33' title='bbox 1273 369 1510 410; x_wconf 85' lang='lat' dir='ltr'>exereuisse</span> <span class='ocrx_word' id='word_1_34' title='bbox 1541 369 1738 411; x_wconf 88' lang='lat' dir='ltr'>uideatur</span> <span class='ocrx_word' id='word_1_35' title='bbox 1769 373 1811 412; x_wconf 88' lang='lat' dir='ltr'>et</span> 
     </span>
    </p>

    <p class='ocr_par' dir='ltr' id='par_1_6' title="bbox 208 433 1878 490">
     <span class='ocr_line' id='line_1_6' title="bbox 208 433 1878 490; baseline 0.004 -16"><span class='ocrx_word' id='word_1_36' title='bbox 208 449 289 490; x_wconf 87' lang='lat' dir='ltr'>quo</span> <span class='ocrx_word' id='word_1_37' title='bbox 320 448 574 490; x_wconf 85' lang='lat' dir='ltr'>praeparare</span> <span class='ocrx_word' id='word_1_38' title='bbox 605 433 731 475; x_wconf 90' lang='lat' dir='ltr'>debet</span> <span class='ocrx_word' id='word_1_39' title='bbox 760 434 930 489; x_wconf 84' lang='lat' dir='ltr'>fatiget.</span> <span class='ocrx_word' id='word_1_40' title='bbox 983 449 1220 476; x_wconf 87' lang='lat' dir='ltr'>sermonem</span> <span class='ocrx_word' id='word_1_41' title='bbox 1253 449 1276 475; x_wconf 86' lang='lat' dir='ltr'>a</span> <span class='ocrx_word' id='word_1_42' title='bbox 1306 450 1489 489; x_wconf 83' lang='lat' dir='ltr'>persona</span> <span class='ocrx_word' id='word_1_43' title='bbox 1519 436 1670 479; x_wconf 86' lang='lat' dir='ltr'>iudicis</span> <span class='ocrx_word' id='word_1_44' title='bbox 1689 453 1805 479; x_wconf 89' lang='lat' dir='ltr'>auer-</span> <span class='ocrx_word' id='word_1_45' title='bbox 1824 440 1878 481; x_wconf 81' lang='lat'>63</span> 
     </span>
    </p>

    <p class='ocr_par' dir='ltr' id='par_1_7' title="bbox 113 501 1877 831">
     <span class='ocr_line' id='line_1_7' title="bbox 113 501 1810 558; baseline 0.003 -15"><span class='ocrx_word' id='word_1_46' title='bbox 113 509 117 512; x_wconf 72' lang='grc'><em>’</em></span> <span class='ocrx_word' id='word_1_47' title='bbox 172 507 188 533; x_wconf 83' lang='grc'>5</span> <span class='ocrx_word' id='word_1_48' title='bbox 207 518 309 551; x_wconf 90' lang='lat' dir='ltr'>sum,</span> <span class='ocrx_word' id='word_1_49' title='bbox 343 518 448 558; x_wconf 85' lang='lat' dir='ltr'>quae</span> <span class='ocrx_word' id='word_1_50' title='bbox 480 502 734 555; x_wconf 79' lang='grc' dir='ltr'>ἀποετροφή</span> <span class='ocrx_word' id='word_1_51' title='bbox 767 501 933 555; x_wconf 75' lang='lat' dir='ltr'>dicitur7</span> <span class='ocrx_word' id='word_1_52' title='bbox 968 502 1143 556; x_wconf 84' lang='lat' dir='ltr'>quidam</span> <span class='ocrx_word' id='word_1_53' title='bbox 1174 503 1220 543; x_wconf 88' lang='lat' dir='ltr'>in</span> <span class='ocrx_word' id='word_1_54' title='bbox 1251 504 1388 544; x_wconf 88' lang='lat' dir='ltr'>totum</span> <span class='ocrx_word' id='word_1_55' title='bbox 1420 518 1444 544; x_wconf 87' lang='lat' dir='ltr'>a</span> <span class='ocrx_word' id='word_1_56' title='bbox 1474 506 1691 558; x_wconf 85' lang='lat' dir='ltr'>prooemio</span> <span class='ocrx_word' id='word_1_57' title='bbox 1714 507 1810 547; x_wconf 85' lang='lat' dir='ltr'>sub·</span> 
     </span>
     <span class='ocr_line' id='line_1_8' title="bbox 207 569 1807 624; baseline 0.003 -13"><span class='ocrx_word' id='word_1_58' title='bbox 207 573 400 624; x_wconf 73' lang='lat' dir='ltr'>mouent,</span> <span class='ocrx_word' id='word_1_59' title='bbox 441 570 649 612; x_wconf 87' lang='lat' dir='ltr'>nonnulla</span> <span class='ocrx_word' id='word_1_60' title='bbox 686 570 855 624; x_wconf 87' lang='lat' dir='ltr'>quidem</span> <span class='ocrx_word' id='word_1_61' title='bbox 895 571 940 610; x_wconf 89' lang='grc'>111</span> <span class='ocrx_word' id='word_1_62' title='bbox 978 569 1091 611; x_wconf 85' lang='lat' dir='ltr'>hanc</span> <span class='ocrx_word' id='word_1_63' title='bbox 1122 571 1439 624; x_wconf 71' lang='lat' dir='ltr'>persuasionem</span> <span class='ocrx_word' id='word_1_64' title='bbox 1481 572 1646 614; x_wconf 87' lang='lat' dir='ltr'>ratione</span> <span class='ocrx_word' id='word_1_65' title='bbox 1678 574 1807 616; x_wconf 88' lang='lat' dir='ltr'>ducti.</span> 
     </span>
     <span class='ocr_line' id='line_1_9' title="bbox 209 638 1809 698; baseline 0.003 -19"><span class='ocrx_word' id='word_1_66' title='bbox 209 653 308 679; x_wconf 90' lang='lat' dir='ltr'>nam</span> <span class='ocrx_word' id='word_1_67' title='bbox 340 653 490 693; x_wconf 80' lang='lat' dir='ltr'>prosus</span> <span class='ocrx_word' id='word_1_68' title='bbox 522 654 612 680; x_wconf 88' lang='lat' dir='ltr'>esse</span> <span class='ocrx_word' id='word_1_69' title='bbox 644 638 724 679; x_wconf 86' lang='lat' dir='ltr'>hoc</span> <span class='ocrx_word' id='word_1_70' title='bbox 755 638 893 693; x_wconf 83' lang='lat' dir='ltr'>magis</span> <span class='ocrx_word' id='word_1_71' title='bbox 926 638 1156 679; x_wconf 84' lang='lat' dir='ltr'>secundum</span> <span class='ocrx_word' id='word_1_72' title='bbox 1190 640 1390 679; x_wconf 88' lang='lat' dir='ltr'>naturam</span> <span class='ocrx_word' id='word_1_73' title='bbox 1423 640 1710 683; x_wconf 79' lang='lat' dir='ltr'>confitendum</span> <span class='ocrx_word' id='word_1_74' title='bbox 1733 645 1809 698; x_wconf 77' lang='lat' dir='ltr'>est,</span> 
     </span>
     <span class='ocr_line' id='line_1_10' title="bbox 208 704 1806 762; baseline 0.003 -15"><span class='ocrx_word' id='word_1_75' title='bbox 208 708 256 747; x_wconf 91' lang='lat' dir='ltr'>ut</span> <span class='ocrx_word' id='word_1_76' title='bbox 287 720 356 747; x_wconf 88' lang='lat' dir='ltr'>eos</span> <span class='ocrx_word' id='word_1_77' title='bbox 388 706 666 762; x_wconf 79' lang='lat' dir='ltr'>adloquamur</span> <span class='ocrx_word' id='word_1_78' title='bbox 695 706 985 761; x_wconf 80' lang='lat' dir='ltr'>potissimum⁷</span> <span class='ocrx_word' id='word_1_79' title='bbox 1026 721 1129 760; x_wconf 83' lang='lat' dir='ltr'>quos</span> <span class='ocrx_word' id='word_1_80' title='bbox 1163 706 1391 748; x_wconf 87' lang='lat' dir='ltr'>conciliare</span> <span class='ocrx_word' id='word_1_81' title='bbox 1421 708 1545 749; x_wconf 89' lang='lat' dir='ltr'>nobis</span> <span class='ocrx_word' id='word_1_82' title='bbox 1577 704 1806 752; x_wconf 83' lang='lat' dir='ltr'>studemus.</span> 
     </span>
     <span class='ocr_line' id='line_1_11' title="bbox 205 774 1877 831; baseline 0.004 -16"><span class='ocrx_word' id='word_1_83' title='bbox 205 774 379 815; x_wconf 85' lang='lat' dir='ltr'>interim</span> <span class='ocrx_word' id='word_1_84' title='bbox 410 777 555 816; x_wconf 85' lang='lat' dir='ltr'>tamen</span> <span class='ocrx_word' id='word_1_85' title='bbox 588 776 630 816; x_wconf 91' lang='lat' dir='ltr'>et</span> <span class='ocrx_word' id='word_1_86' title='bbox 661 776 724 815; x_wconf 88' lang='lat' dir='ltr'>est</span> <span class='ocrx_word' id='word_1_87' title='bbox 754 774 969 828; x_wconf 85' lang='lat' dir='ltr'>prooemio</span> <span class='ocrx_word' id='word_1_88' title='bbox 1001 775 1265 815; x_wconf 85' lang='lat' dir='ltr'>necessarius</span> <span class='ocrx_word' id='word_1_89' title='bbox 1297 789 1445 815; x_wconf 87' lang='lat' dir='ltr'>sensus</span> <span class='ocrx_word' id='word_1_90' title='bbox 1475 776 1642 831; x_wconf 69' lang='lat' dir='ltr'>aliquis,</span> <span class='ocrx_word' id='word_1_91' title='bbox 1676 779 1718 818; x_wconf 87' lang='lat' dir='ltr'>et</span> <span class='ocrx_word' id='word_1_92' title='bbox 1738 778 1809 820; x_wconf 88' lang='lat' dir='ltr'>hic</span> <span class='ocrx_word' id='word_1_93' title='bbox 1822 780 1877 822; x_wconf 78' lang='lat'>64</span> 
     </span>
    </p>

    <p class='ocr_par' dir='ltr' id='par_1_8' title="bbox 154 841 1874 1176">
     <span class='ocr_line' id='line_1_12' title="bbox 154 841 1808 900; baseline 0.003 -18"><span class='ocrx_word' id='word_1_94' title='bbox 154 847 187 873; x_wconf 89' lang='lat'>10</span> <span class='ocrx_word' id='word_1_95' title='bbox 206 842 344 883; x_wconf 85' lang='lat' dir='ltr'>acrior</span> <span class='ocrx_word' id='word_1_96' title='bbox 374 842 423 883; x_wconf 90' lang='lat' dir='ltr'>fit</span> <span class='ocrx_word' id='word_1_97' title='bbox 453 845 579 896; x_wconf 81' lang='lat' dir='ltr'>atque</span> <span class='ocrx_word' id='word_1_98' title='bbox 610 841 904 883; x_wconf 85' lang='lat' dir='ltr'>uehementior</span> <span class='ocrx_word' id='word_1_99' title='bbox 925 842 978 883; x_wconf 93' lang='lat' dir='ltr'>ad</span> <span class='ocrx_word' id='word_1_100' title='bbox 999 857 1227 896; x_wconf 86' lang='lat' dir='ltr'>personam</span> <span class='ocrx_word' id='word_1_101' title='bbox 1249 842 1442 883; x_wconf 87' lang='lat' dir='ltr'>derectus</span> <span class='ocrx_word' id='word_1_102' title='bbox 1465 843 1651 886; x_wconf 88' lang='lat' dir='ltr'>alterius.</span> <span class='ocrx_word' id='word_1_103' title='bbox 1698 847 1808 900; x_wconf 84' lang='lat' dir='ltr'>quod</span> 
     </span>
     <span class='ocr_line' id='line_1_13' title="bbox 204 910 1806 965; baseline 0.003 -15"><span class='ocrx_word' id='word_1_104' title='bbox 204 910 239 950; x_wconf 88' lang='lat' dir='ltr'>si</span> <span class='ocrx_word' id='word_1_105' title='bbox 271 910 450 963; x_wconf 78' lang='lat' dir='ltr'>accidat,</span> <span class='ocrx_word' id='word_1_106' title='bbox 485 924 566 964; x_wconf 87' lang='lat' dir='ltr'>quo</span> <span class='ocrx_word' id='word_1_107' title='bbox 598 910 687 950; x_wconf 87' lang='lat' dir='ltr'>iure</span> <span class='ocrx_word' id='word_1_108' title='bbox 719 912 792 951; x_wconf 86' lang='lat' dir='ltr'>aut</span> <span class='ocrx_word' id='word_1_109' title='bbox 813 925 894 964; x_wconf 87' lang='lat' dir='ltr'>qua</span> <span class='ocrx_word' id='word_1_110' title='bbox 915 912 1038 951; x_wconf 83' lang='lat' dir='ltr'>tanta</span> <span class='ocrx_word' id='word_1_111' title='bbox 1060 910 1361 965; x_wconf 68' lang='lat' dir='ltr'>superstitione</span> <span class='ocrx_word' id='word_1_112' title='bbox 1383 910 1686 965; x_wconf 74' lang='lat' dir='ltr'>prohibeamur</span> <span class='ocrx_word' id='word_1_113' title='bbox 1707 914 1806 956; x_wconf 88' lang='lat' dir='ltr'>dare</span> 
     </span>
     <span class='ocr_line' id='line_1_14' title="bbox 203 977 1874 1036; baseline 0.005 -18"><span class='ocrx_word' id='word_1_114' title='bbox 203 992 279 1031; x_wconf 79' lang='lat' dir='ltr'>per</span> <span class='ocrx_word' id='word_1_115' title='bbox 308 977 419 1019; x_wconf 89' lang='lat' dir='ltr'>hanc</span> <span class='ocrx_word' id='word_1_116' title='bbox 450 978 632 1032; x_wconf 88' lang='lat' dir='ltr'>figuram</span> <span class='ocrx_word' id='word_1_117' title='bbox 664 978 902 1019; x_wconf 87' lang='lat' dir='ltr'>sententiae</span> <span class='ocrx_word' id='word_1_118' title='bbox 935 978 1079 1019; x_wconf 84' lang='lat' dir='ltr'>uires‘?</span> <span class='ocrx_word' id='word_1_119' title='bbox 1119 993 1255 1033; x_wconf 79' lang='lat' dir='ltr'>neque</span> <span class='ocrx_word' id='word_1_120' title='bbox 1288 979 1401 1020; x_wconf 88' lang='lat' dir='ltr'>enim</span> <span class='ocrx_word' id='word_1_121' title='bbox 1432 979 1546 1021; x_wconf 88' lang='lat' dir='ltr'>istud</span> <span class='ocrx_word' id='word_1_122' title='bbox 1578 981 1806 1036; x_wconf 75' lang='lat' dir='ltr'>scriptores</span> <span class='ocrx_word' id='word_1_123' title='bbox 1820 986 1874 1026; x_wconf 77' lang='lat'>(55</span> 
     </span>
     <span class='ocr_line' id='line_1_15' title="bbox 204 1045 1800 1104; baseline 0.003 -18"><span class='ocrx_word' id='word_1_124' title='bbox 204 1046 372 1099; x_wconf 76' lang='lat' dir='ltr'>artium,</span> <span class='ocrx_word' id='word_1_125' title='bbox 407 1045 505 1100; x_wconf 79' lang='lat' dir='ltr'>quia</span> <span class='ocrx_word' id='word_1_126' title='bbox 536 1060 623 1086; x_wconf 92' lang='lat' dir='ltr'>non</span> <span class='ocrx_word' id='word_1_127' title='bbox 653 1046 794 1099; x_wconf 78' lang='lat' dir='ltr'>liceat,</span> <span class='ocrx_word' id='word_1_128' title='bbox 829 1046 900 1087; x_wconf 86' lang='lat' dir='ltr'>sed</span> <span class='ocrx_word' id='word_1_129' title='bbox 932 1046 1030 1101; x_wconf 79' lang='lat' dir='ltr'>quia</span> <span class='ocrx_word' id='word_1_130' title='bbox 1061 1061 1148 1087; x_wconf 91' lang='lat' dir='ltr'>non</span> <span class='ocrx_word' id='word_1_131' title='bbox 1179 1048 1333 1101; x_wconf 77' lang='lat' dir='ltr'>putent</span> <span class='ocrx_word' id='word_1_132' title='bbox 1364 1047 1482 1101; x_wconf 78' lang='lat' dir='ltr'>utile,</span> <span class='ocrx_word' id='word_1_133' title='bbox 1516 1050 1679 1090; x_wconf 85' lang='lat' dir='ltr'>uetant.</span> <span class='ocrx_word' id='word_1_134' title='bbox 1726 1050 1800 1104; x_wconf 80' lang='lat' dir='ltr'>ita,</span> 
     </span>
     <span class='ocr_line' id='line_1_16' title="bbox 203 1113 1804 1176; baseline 0.002 -22"><span class='ocrx_word' id='word_1_135' title='bbox 203 1113 238 1154; x_wconf 86' lang='lat' dir='ltr'>si</span> <span class='ocrx_word' id='word_1_136' title='bbox 279 1114 424 1155; x_wconf 83' lang='lat' dir='ltr'>uincet</span> <span class='ocrx_word' id='word_1_137' title='bbox 465 1113 652 1168; x_wconf 74' lang='lat' dir='ltr'>utilitas,</span> <span class='ocrx_word' id='word_1_138' title='bbox 703 1116 878 1169; x_wconf 81' lang='lat' dir='ltr'>propter</span> <span class='ocrx_word' id='word_1_139' title='bbox 920 1114 1099 1155; x_wconf 86' lang='lat' dir='ltr'>eandem</span> <span class='ocrx_word' id='word_1_140' title='bbox 1150 1129 1321 1156; x_wconf 86' lang='lat' dir='ltr'>causam</span> <span class='ocrx_word' id='word_1_141' title='bbox 1362 1115 1503 1157; x_wconf 79' lang='lat' dir='ltr'>faeere</span> <span class='ocrx_word' id='word_1_142' title='bbox 1544 1116 1804 1176; x_wconf 69' lang='lat' dir='ltr'>debebimus7</span> 
     </span>
    </p>

    <p class='ocr_par' dir='ltr' id='par_1_9' title="bbox 152 1181 1870 1509">
     <span class='ocr_line' id='line_1_17' title="bbox 152 1181 1870 1236; baseline 0.004 -15"><span class='ocrx_word' id='word_1_143' title='bbox 152 1185 184 1212; x_wconf 86' lang='lat'>15</span> <span class='ocrx_word' id='word_1_144' title='bbox 202 1183 376 1236; x_wconf 81' lang='lat' dir='ltr'>propter</span> <span class='ocrx_word' id='word_1_145' title='bbox 413 1196 539 1236; x_wconf 85' lang='lat' dir='ltr'>quam</span> <span class='ocrx_word' id='word_1_146' title='bbox 577 1183 783 1223; x_wconf 86' lang='lat' dir='ltr'>uetamur.</span> <span class='ocrx_word' id='word_1_147' title='bbox 845 1184 887 1223; x_wconf 84' lang='lat' dir='ltr'>et</span> <span class='ocrx_word' id='word_1_148' title='bbox 928 1181 1237 1223; x_wconf 81' lang='lat' dir='ltr'>Demosthenes</span> <span class='ocrx_word' id='word_1_149' title='bbox 1278 1185 1420 1224; x_wconf 90' lang='lat' dir='ltr'>autem</span> <span class='ocrx_word' id='word_1_150' title='bbox 1459 1184 1511 1224; x_wconf 91' lang='lat' dir='ltr'>ad</span> <span class='ocrx_word' id='word_1_151' title='bbox 1554 1184 1801 1227; x_wconf 79' lang='lat' dir='ltr'>Aeschinen</span> <span class='ocrx_word' id='word_1_152' title='bbox 1816 1189 1870 1229; x_wconf 78' lang='lat'>66</span> 
     </span>
     <span class='ocr_line' id='line_1_18' title="bbox 201 1249 1803 1307; baseline 0.002 -17"><span class='ocrx_word' id='word_1_153' title='bbox 201 1249 438 1290; x_wconf 87' lang='lat' dir='ltr'>orationem</span> <span class='ocrx_word' id='word_1_154' title='bbox 475 1249 519 1290; x_wconf 93' lang='lat' dir='ltr'>in</span> <span class='ocrx_word' id='word_1_155' title='bbox 559 1250 773 1304; x_wconf 84' lang='lat' dir='ltr'>prooemio</span> <span class='ocrx_word' id='word_1_156' title='bbox 815 1251 1048 1304; x_wconf 75' lang='lat' dir='ltr'>conuertit,</span> <span class='ocrx_word' id='word_1_157' title='bbox 1094 1253 1135 1291; x_wconf 86' lang='lat' dir='ltr'>et</span> <span class='ocrx_word' id='word_1_158' title='bbox 1166 1250 1223 1291; x_wconf 86' lang='lat' dir='ltr'>M.</span> <span class='ocrx_word' id='word_1_159' title='bbox 1258 1250 1420 1292; x_wconf 81' lang='lat' dir='ltr'>Tullius</span> <span class='ocrx_word' id='word_1_160' title='bbox 1460 1266 1555 1293; x_wconf 86' lang='lat' dir='ltr'>cum</span> <span class='ocrx_word' id='word_1_161' title='bbox 1595 1267 1671 1307; x_wconf 84' lang='lat' dir='ltr'>pro</span> <span class='ocrx_word' id='word_1_162' title='bbox 1711 1253 1803 1295; x_wconf 88' lang='lat' dir='ltr'>aliis</span> 
     </span>
     <span class='ocr_line' id='line_1_19' title="bbox 201 1317 1802 1374; baseline 0.004 -17"><span class='ocrx_word' id='word_1_163' title='bbox 201 1317 474 1371; x_wconf 72' lang='lat' dir='ltr'>quibusdam,</span> <span class='ocrx_word' id='word_1_164' title='bbox 515 1318 567 1358; x_wconf 90' lang='lat' dir='ltr'>ad</span> <span class='ocrx_word' id='word_1_165' title='bbox 598 1332 702 1372; x_wconf 79' lang='lat' dir='ltr'>quos</span> <span class='ocrx_word' id='word_1_166' title='bbox 735 1318 771 1359; x_wconf 88' lang='grc'>01</span> <span class='ocrx_word' id='word_1_167' title='bbox 804 1319 941 1359; x_wconf 90' lang='lat' dir='ltr'>uisum</span> <span class='ocrx_word' id='word_1_168' title='bbox 974 1321 1060 1372; x_wconf 74' lang='lat' dir='ltr'>est,</span> <span class='ocrx_word' id='word_1_169' title='bbox 1102 1321 1191 1359; x_wconf 89' lang='lat' dir='ltr'>tum</span> <span class='ocrx_word' id='word_1_170' title='bbox 1223 1333 1299 1372; x_wconf 78' lang='lat' dir='ltr'>pro</span> <span class='ocrx_word' id='word_1_171' title='bbox 1331 1319 1503 1374; x_wconf 77' lang='lat' dir='ltr'>Ligario</span> <span class='ocrx_word' id='word_1_172' title='bbox 1535 1320 1586 1361; x_wconf 88' lang='lat' dir='ltr'>ad</span> <span class='ocrx_word' id='word_1_173' title='bbox 1619 1320 1802 1363; x_wconf 85' lang='lat' dir='ltr'>Tubero-</span> 
     </span>
     <span class='ocr_line' id='line_1_20' title="bbox 200 1386 1869 1444; baseline 0.002 -18"><span class='ocrx_word' id='word_1_174' title='bbox 200 1400 319 1426; x_wconf 87' lang='lat' dir='ltr'>nem:</span> <span class='ocrx_word' id='word_1_175' title='bbox 351 1400 451 1426; x_wconf 86' lang='lat' dir='ltr'>nam</span> <span class='ocrx_word' id='word_1_176' title='bbox 484 1388 575 1427; x_wconf 82' lang='lat' dir='ltr'>erat</span> <span class='ocrx_word' id='word_1_177' title='bbox 604 1386 738 1427; x_wconf 89' lang='lat' dir='ltr'>multo</span> <span class='ocrx_word' id='word_1_178' title='bbox 769 1386 914 1427; x_wconf 85' lang='lat' dir='ltr'>futura</span> <span class='ocrx_word' id='word_1_179' title='bbox 945 1386 1202 1441; x_wconf 76' lang='lat' dir='ltr'>languidior,</span> <span class='ocrx_word' id='word_1_180' title='bbox 1237 1386 1272 1427; x_wconf 87' lang='lat' dir='ltr'>si</span> <span class='ocrx_word' id='word_1_181' title='bbox 1305 1389 1415 1428; x_wconf 87' lang='lat' dir='ltr'>esset</span> <span class='ocrx_word' id='word_1_182' title='bbox 1446 1387 1571 1429; x_wconf 88' lang='lat' dir='ltr'>aliter</span> <span class='ocrx_word' id='word_1_183' title='bbox 1601 1388 1798 1444; x_wconf 80' lang='lat' dir='ltr'>figurata,</span> <span class='ocrx_word' id='word_1_184' title='bbox 1817 1394 1869 1434; x_wconf 75' lang='grc'>67</span> 
     </span>
     <span class='ocr_line' id='line_1_21' title="bbox 201 1453 1802 1509; baseline 0.004 -16"><span class='ocrx_word' id='word_1_185' title='bbox 201 1454 310 1508; x_wconf 83' lang='lat' dir='ltr'>quod</span> <span class='ocrx_word' id='word_1_186' title='bbox 341 1453 511 1495; x_wconf 75' lang='lat' dir='ltr'>facilius</span> <span class='ocrx_word' id='word_1_187' title='bbox 544 1456 785 1509; x_wconf 73' lang='lat' dir='ltr'>cognoscet,</span> <span class='ocrx_word' id='word_1_188' title='bbox 817 1455 851 1495; x_wconf 89' lang='lat' dir='ltr'>si</span> <span class='ocrx_word' id='word_1_189' title='bbox 883 1454 976 1509; x_wconf 81' lang='lat' dir='ltr'>quis</span> <span class='ocrx_word' id='word_1_190' title='bbox 1007 1457 1143 1495; x_wconf 86' lang='lat' dir='ltr'>totam</span> <span class='ocrx_word' id='word_1_191' title='bbox 1173 1454 1291 1495; x_wconf 89' lang='lat' dir='ltr'>illam</span> <span class='ocrx_word' id='word_1_192' title='bbox 1322 1457 1488 1509; x_wconf 73' lang='lat' dir='ltr'>partem</span> <span class='ocrx_word' id='word_1_193' title='bbox 1520 1455 1802 1499; x_wconf 86' lang='lat' dir='ltr'>uehementis-</span> 
     </span>
    </p>

    <p class='ocr_par' dir='ltr' id='par_1_10' title="bbox 149 1522 1801 1852">
     <span class='ocr_line' id='line_1_22' title="bbox 149 1522 1801 1579; baseline 0.004 -18"><span class='ocrx_word' id='word_1_194' title='bbox 149 1526 181 1552; x_wconf 72' lang='lat'>2’0</span> <span class='ocrx_word' id='word_1_195' title='bbox 202 1522 366 1575; x_wconf 75' lang='lat' dir='ltr'>simam,</span> <span class='ocrx_word' id='word_1_196' title='bbox 402 1522 518 1563; x_wconf 83' lang='lat' dir='ltr'>cuius</span> <span class='ocrx_word' id='word_1_197' title='bbox 550 1522 655 1563; x_wconf 84' lang='lat' dir='ltr'>haec</span> <span class='ocrx_word' id='word_1_198' title='bbox 686 1522 823 1563; x_wconf 83' lang='lat' dir='ltr'>forma</span> <span class='ocrx_word' id='word_1_199' title='bbox 856 1525 917 1563; x_wconf 75' lang='lat' dir='ltr'>est</span> <span class='ocrx_word' id='word_1_200' title='bbox 952 1522 1133 1563; x_wconf 65' lang='lat' dir='ltr'>‘habes</span> <span class='ocrx_word' id='word_1_201' title='bbox 1166 1523 1360 1577; x_wconf 76' lang='lat' dir='ltr'>igitur,</span> <span class='ocrx_word' id='word_1_202' title='bbox 1403 1523 1629 1579; x_wconf 74' lang='lat' dir='ltr'>Tubero,</span> <span class='ocrx_word' id='word_1_203' title='bbox 1669 1527 1801 1579; x_wconf 85' lang='lat' dir='ltr'>quod</span> 
     </span>
     <span class='ocr_line' id='line_1_23' title="bbox 201 1590 1800 1645; baseline 0.003 -15"><span class='ocrx_word' id='word_1_204' title='bbox 201 1591 281 1630; x_wconf 85' lang='lat' dir='ltr'>est</span> <span class='ocrx_word' id='word_1_205' title='bbox 311 1591 617 1631; x_wconf 76' lang='lat' dir='ltr'>accusatori</span> <span class='ocrx_word' id='word_1_206' title='bbox 651 1590 872 1631; x_wconf 82' lang='lat' dir='ltr'>maxime</span> <span class='ocrx_word' id='word_1_207' title='bbox 904 1593 1064 1645; x_wconf 87' lang='lat' dir='ltr'>optan</span> <span class='ocrx_word' id='word_1_208' title='bbox 1077 1591 1102 1631; x_wconf 92' lang='lat' dir='ltr'>d</span> <span class='ocrx_word' id='word_1_209' title='bbox 1115 1595 1217 1631; x_wconf 84' lang='lat' dir='ltr'>uin’</span> <span class='ocrx_word' id='word_1_210' title='bbox 1251 1593 1294 1632; x_wconf 89' lang='lat' dir='ltr'>et</span> <span class='ocrx_word' id='word_1_211' title='bbox 1326 1593 1465 1632; x_wconf 88' lang='lat' dir='ltr'>cetera</span> <span class='ocrx_word' id='word_1_212' title='bbox 1498 1594 1720 1634; x_wconf 86' lang='lat' dir='ltr'>conuertat</span> <span class='ocrx_word' id='word_1_213' title='bbox 1750 1595 1800 1635; x_wconf 85' lang='lat' dir='ltr'>ad</span> 
     </span>
     <span class='ocr_line' id='line_1_24' title="bbox 200 1657 1800 1715; baseline 0.003 -17"><span class='ocrx_word' id='word_1_214' title='bbox 200 1657 402 1699; x_wconf 80' lang='lat' dir='ltr'>iudicem:</span> <span class='ocrx_word' id='word_1_215' title='bbox 435 1660 525 1699; x_wconf 86' lang='lat' dir='ltr'>tum</span> <span class='ocrx_word' id='word_1_216' title='bbox 557 1658 667 1699; x_wconf 87' lang='lat' dir='ltr'>enim</span> <span class='ocrx_word' id='word_1_217' title='bbox 701 1673 800 1700; x_wconf 90' lang='lat' dir='ltr'>uere</span> <span class='ocrx_word' id='word_1_218' title='bbox 833 1674 982 1700; x_wconf 84' lang='lat' dir='ltr'>auersa</span> <span class='ocrx_word' id='word_1_219' title='bbox 1014 1659 1209 1700; x_wconf 85' lang='lat' dir='ltr'>uideatur</span> <span class='ocrx_word' id='word_1_220' title='bbox 1239 1659 1374 1700; x_wconf 89' lang='lat' dir='ltr'>oratio</span> <span class='ocrx_word' id='word_1_221' title='bbox 1397 1662 1439 1701; x_wconf 88' lang='lat' dir='ltr'>et</span> <span class='ocrx_word' id='word_1_222' title='bbox 1461 1660 1713 1715; x_wconf 79' lang='lat' dir='ltr'>languescat</span> <span class='ocrx_word' id='word_1_223' title='bbox 1736 1662 1800 1703; x_wconf 81' lang='lat' dir='ltr'>uis</span> 
     </span>
     <span class='ocr_line' id='line_1_25' title="bbox 199 1725 1798 1782; baseline 0.004 -16"><span class='ocrx_word' id='word_1_224' title='bbox 199 1725 349 1780; x_wconf 78' lang='lat' dir='ltr'>omnis,</span> <span class='ocrx_word' id='word_1_225' title='bbox 383 1726 622 1767; x_wconf 82' lang='lat' dir='ltr'>dicentibus</span> <span class='ocrx_word' id='word_1_226' title='bbox 653 1727 797 1768; x_wconf 88' lang='lat' dir='ltr'>nobis:</span> <span class='ocrx_word' id='word_1_227' title='bbox 829 1726 960 1768; x_wconf 86' lang='lat' dir='ltr'>habet</span> <span class='ocrx_word' id='word_1_228' title='bbox 990 1728 1124 1782; x_wconf 87' lang='lat' dir='ltr'>igitur</span> <span class='ocrx_word' id='word_1_229' title='bbox 1146 1727 1312 1768; x_wconf 85' lang='lat' dir='ltr'>Tubero</span> <span class='ocrx_word' id='word_1_230' title='bbox 1343 1728 1453 1782; x_wconf 85' lang='lat' dir='ltr'>quod</span> <span class='ocrx_word' id='word_1_231' title='bbox 1476 1730 1540 1769; x_wconf 87' lang='lat' dir='ltr'>est</span> <span class='ocrx_word' id='word_1_232' title='bbox 1562 1731 1798 1779; x_wconf 81' lang='lat' dir='ltr'>accusatori</span> 
     </span>
     <span class='ocr_line' id='line_1_26' title="bbox 198 1793 1800 1852; baseline 0.003 -18"><span class='ocrx_word' id='word_1_233' title='bbox 198 1793 381 1835; x_wconf 83' lang='lat' dir='ltr'>maxime</span> <span class='ocrx_word' id='word_1_234' title='bbox 411 1794 664 1849; x_wconf 86' lang='lat' dir='ltr'>optandum:</span> <span class='ocrx_word' id='word_1_235' title='bbox 706 1795 779 1837; x_wconf 91' lang='lat' dir='ltr'>illo</span> <span class='ocrx_word' id='word_1_236' title='bbox 823 1795 936 1836; x_wconf 87' lang='lat' dir='ltr'>enim</span> <span class='ocrx_word' id='word_1_237' title='bbox 974 1796 1097 1836; x_wconf 92' lang='lat' dir='ltr'>modo</span> <span class='ocrx_word' id='word_1_238' title='bbox 1135 1796 1291 1850; x_wconf 84' lang='lat' dir='ltr'>pressit</span> <span class='ocrx_word' id='word_1_239' title='bbox 1330 1798 1456 1850; x_wconf 83' lang='lat' dir='ltr'>atque</span> <span class='ocrx_word' id='word_1_240' title='bbox 1497 1796 1678 1852; x_wconf 77' lang='lat' dir='ltr'>institit,</span> <span class='ocrx_word' id='word_1_241' title='bbox 1720 1798 1800 1840; x_wconf 87' lang='lat' dir='ltr'>hoc</span> 
     </span>
    </p>

    <p class='ocr_par' dir='ltr' id='par_1_11' title="bbox 148 1862 1866 2124">
     <span class='ocr_line' id='line_1_27' title="bbox 148 1862 1866 1918; baseline 0.003 -16"><span class='ocrx_word' id='word_1_242' title='bbox 148 1864 368 1903; x_wconf 62' lang='grc'>251311111311111</span> <span class='ocrx_word' id='word_1_243' title='bbox 399 1862 641 1904; x_wconf 85' lang='lat' dir='ltr'>indicasset.</span> <span class='ocrx_word' id='word_1_244' title='bbox 694 1863 803 1917; x_wconf 87' lang='lat' dir='ltr'>quod</span> <span class='ocrx_word' id='word_1_245' title='bbox 836 1864 945 1905; x_wconf 90' lang='lat' dir='ltr'>idem</span> <span class='ocrx_word' id='word_1_246' title='bbox 976 1864 1022 1904; x_wconf 90' lang='lat' dir='ltr'>in</span> <span class='ocrx_word' id='word_1_247' title='bbox 1053 1863 1354 1918; x_wconf 76' lang='lat' dir='ltr'>Demosthene,</span> <span class='ocrx_word' id='word_1_248' title='bbox 1387 1864 1422 1905; x_wconf 90' lang='lat' dir='ltr'>si</span> <span class='ocrx_word' id='word_1_249' title='bbox 1453 1865 1608 1906; x_wconf 81' lang='lat' dir='ltr'>flexum</span> <span class='ocrx_word' id='word_1_250' title='bbox 1629 1865 1692 1906; x_wconf 90' lang='lat' dir='ltr'>illi</span> <span class='ocrx_word' id='word_1_251' title='bbox 1712 1871 1866 1911; x_wconf 66' lang='lat' dir='ltr'>inu—(58</span> 
     </span>
     <span class='ocr_line' id='line_1_28' title="bbox 198 1930 1822 1989; baseline 0.004 -19"><span class='ocrx_word' id='word_1_252' title='bbox 198 1930 370 1983; x_wconf 68' lang='lat' dir='ltr'>tzureris,</span> <span class='ocrx_word' id='word_1_253' title='bbox 405 1930 572 1971; x_wconf 87' lang='lat' dir='ltr'>accidit.</span> <span class='ocrx_word' id='word_1_254' title='bbox 625 1931 759 1985; x_wconf 74' lang='lat' dir='ltr'>quid?</span> <span class='ocrx_word' id='word_1_255' title='bbox 797 1946 883 1973; x_wconf 90' lang='lat' dir='ltr'>non</span> <span class='ocrx_word' id='word_1_256' title='bbox 917 1931 1141 1973; x_wconf 65' lang='lat' dir='ltr'>Sallustius</span> <span class='ocrx_word' id='word_1_257' title='bbox 1175 1932 1343 1973; x_wconf 86' lang='lat' dir='ltr'>derecto</span> <span class='ocrx_word' id='word_1_258' title='bbox 1376 1933 1427 1973; x_wconf 87' lang='lat' dir='ltr'>ad</span> <span class='ocrx_word' id='word_1_259' title='bbox 1461 1932 1720 1989; x_wconf 75' lang='lat' dir='ltr'>Ciceronem,</span> <span class='ocrx_word' id='word_1_260' title='bbox 1752 1935 1822 1989; x_wconf 49' lang='grc' dir='ltr'>111ἱ</span> 
     </span>
     <span class='ocr_line' id='line_1_29' title="bbox 197 1998 1798 2056; baseline 0.004 -18"><span class='ocrx_word' id='word_1_261' title='bbox 197 2011 322 2051; x_wconf 86' lang='grc'><strong>(1110111</strong></span> <span class='ocrx_word' id='word_1_262' title='bbox 352 1998 491 2052; x_wconf 85' lang='lat' dir='ltr'>ipsum</span> <span class='ocrx_word' id='word_1_263' title='bbox 530 1999 720 2053; x_wconf 80' lang='lat' dir='ltr'>dicebat,</span> <span class='ocrx_word' id='word_1_264' title='bbox 763 2014 862 2040; x_wconf 82' lang='lat' dir='ltr'>usus</span> <span class='ocrx_word' id='word_1_265' title='bbox 903 2001 967 2041; x_wconf 89' lang='lat' dir='ltr'>est</span> <span class='ocrx_word' id='word_1_266' title='bbox 1005 2000 1239 2055; x_wconf 66' lang='lat' dir='ltr'>principio,</span> <span class='ocrx_word' id='word_1_267' title='bbox 1285 2002 1326 2041; x_wconf 91' lang='lat' dir='ltr'>et</span> <span class='ocrx_word' id='word_1_268' title='bbox 1365 2000 1532 2055; x_wconf 84' lang='lat' dir='ltr'>quidem</span> <span class='ocrx_word' id='word_1_269' title='bbox 1571 2003 1798 2056; x_wconf 76' lang='lat' dir='ltr'>protinus?</span> 
     </span>
     <span class='ocr_line' id='line_1_30' title="bbox 199 2065 1793 2124; baseline 0.004 -18"><span class='ocrx_word' id='word_1_270' title='bbox 199 2065 471 2107; x_wconf 69' lang='lat' dir='ltr'>‘Grauiter</span> <span class='ocrx_word' id='word_1_271' title='bbox 502 2068 551 2108; x_wconf 90' lang='lat' dir='ltr'>et</span> <span class='ocrx_word' id='word_1_272' title='bbox 580 2066 764 2121; x_wconf 84' lang='lat' dir='ltr'>iniquo</span> <span class='ocrx_word' id='word_1_273' title='bbox 796 2067 970 2109; x_wconf 88' lang='lat' dir='ltr'>animo</span> <span class='ocrx_word' id='word_1_274' title='bbox 1000 2067 1287 2110; x_wconf 85' lang='lat' dir='ltr'>maledicta</span> <span class='ocrx_word' id='word_1_275' title='bbox 1328 2070 1419 2110; x_wconf 89' lang='lat' dir='ltr'>tua</span> <span class='ocrx_word' id='word_1_276' title='bbox 1457 2071 1694 2124; x_wconf 78' lang='lat' dir='ltr'>paterer,</span> <span class='ocrx_word' id='word_1_277' title='bbox 1734 2071 1793 2112; x_wconf 85' lang='lat' dir='ltr'>M.</span> 
     </span>
    </p>
   </div>
   <div class='ocr_carea' id='block_1_4' title="bbox 287 2160 561 2200">
    <p class='ocr_par' dir='ltr' id='par_1_12' title="bbox 287 2160 561 2200">
     <span class='ocr_line' id='line_1_31' title="bbox 287 2160 561 2200; baseline 0.007 -10"><span class='ocrx_word' id='word_1_278' title='bbox 287 2160 341 2191; x_wconf 78' lang='lat'>20,</span> <span class='ocrx_word' id='word_1_279' title='bbox 369 2170 398 2190; x_wconf 83' lang='grc'>0.</span> <span class='ocrx_word' id='word_1_280' title='bbox 427 2161 456 2200; x_wconf 85' lang='grc'>1,</span> <span class='ocrx_word' id='word_1_281' title='bbox 484 2160 502 2199; x_wconf 67' lang='grc' dir='ltr'>ξ</span> <span class='ocrx_word' id='word_1_282' title='bbox 529 2161 561 2193; x_wconf 76' lang='grc'>2.</span> 
     </span>
    </p>
   </div>
   <div class='ocr_carea' id='block_1_5' title="bbox 194 2238 1794 3005">
    <p class='ocr_par' dir='ltr' id='par_1_13' title="bbox 194 2238 1794 2504">
     <span class='ocr_line' id='line_1_32' title="bbox 288 2238 1794 2284; baseline 0.003 -14"><span class='ocrx_word' id='word_1_283' title='bbox 288 2241 304 2270; x_wconf 75' lang='lat' dir='ltr'>i</span> <span class='ocrx_word' id='word_1_284' title='bbox 332 2239 450 2280; x_wconf 82' lang='lat' dir='ltr'>legem</span> <span class='ocrx_word' id='word_1_285' title='bbox 475 2240 520 2270; x_wconf 90' lang='lat' dir='ltr'>A:</span> <span class='ocrx_word' id='word_1_286' title='bbox 548 2238 649 2280; x_wconf 84' lang='lat' dir='ltr'>leges</span> <span class='ocrx_word' id='word_1_287' title='bbox 674 2240 699 2270; x_wconf 94' lang='lat' dir='ltr'>B</span> <span class='ocrx_word' id='word_1_288' title='bbox 808 2242 827 2271; x_wconf 78' lang='lat'>2</span> <span class='ocrx_word' id='word_1_289' title='bbox 853 2240 952 2271; x_wconf 78' lang='lat' dir='ltr'>intra</span> <span class='ocrx_word' id='word_1_290' title='bbox 979 2251 1009 2281; x_wconf 88' lang='lat' dir='ltr'>q.</span> <span class='ocrx_word' id='word_1_291' title='bbox 1039 2250 1167 2272; x_wconf 87' lang='lat' dir='ltr'>sensus</span> <span class='ocrx_word' id='word_1_292' title='bbox 1193 2251 1253 2272; x_wconf 82' lang='lat' dir='ltr'>om.</span> <span class='ocrx_word' id='word_1_293' title='bbox 1280 2241 1305 2271; x_wconf 91' lang='lat' dir='ltr'>B</span> <span class='ocrx_word' id='word_1_294' title='bbox 1422 2242 1443 2272; x_wconf 73' lang='lat'>4</span> <span class='ocrx_word' id='word_1_295' title='bbox 1468 2252 1692 2284; x_wconf 80' lang='lat' dir='ltr'>praeparare</span> <span class='ocrx_word' id='word_1_296' title='bbox 1717 2244 1794 2275; x_wconf 89' lang='lat' dir='ltr'>Ab:</span> 
     </span>
     <span class='ocr_line' id='line_1_33' title="bbox 196 2285 1794 2329; baseline 0.004 -15"><span class='ocrx_word' id='word_1_297' title='bbox 196 2285 410 2325; x_wconf 79' lang='lat' dir='ltr'>praeparari</span> <span class='ocrx_word' id='word_1_298' title='bbox 435 2285 472 2325; x_wconf 88' lang='grc' dir='ltr'>Β,</span> <span class='ocrx_word' id='word_1_299' title='bbox 499 2285 592 2326; x_wconf 82' lang='lat' dir='ltr'>quod</span> <span class='ocrx_word' id='word_1_300' title='bbox 618 2295 839 2327; x_wconf 76' lang='lat' dir='ltr'>praeparare</span> <span class='ocrx_word' id='word_1_301' title='bbox 866 2286 1043 2327; x_wconf 56' lang='lat' dir='ltr'>Spalding),</span> <span class='ocrx_word' id='word_1_302' title='bbox 1072 2296 1158 2326; x_wconf 77' lang='lat' dir='ltr'>quos</span> <span class='ocrx_word' id='word_1_303' title='bbox 1185 2296 1406 2327; x_wconf 82' lang='lat' dir='ltr'>praeparare</span> <span class='ocrx_word' id='word_1_304' title='bbox 1429 2286 1560 2318; x_wconf 67' lang='lat' dir='ltr'>Badius</span> <span class='ocrx_word' id='word_1_305' title='bbox 1653 2290 1672 2320; x_wconf 87' lang='lat'>5</span> <span class='ocrx_word' id='word_1_306' title='bbox 1699 2298 1794 2329; x_wconf 83' lang='lat' dir='ltr'>quae</span> 
     </span>
     <span class='ocr_line' id='line_1_34' title="bbox 195 2330 1792 2371; baseline 0.004 -12"><span class='ocrx_word' id='word_1_307' title='bbox 195 2330 268 2360; x_wconf 89' lang='lat' dir='ltr'>Ab:</span> <span class='ocrx_word' id='word_1_308' title='bbox 296 2340 356 2360; x_wconf 82' lang='lat' dir='ltr'>om.</span> <span class='ocrx_word' id='word_1_309' title='bbox 381 2330 407 2359; x_wconf 90' lang='lat' dir='ltr'>B</span> <span class='ocrx_word' id='word_1_310' title='bbox 502 2336 748 2371; x_wconf 66' lang='lat' dir='ltr'>Anoc‘ri‘orpuu</span> <span class='ocrx_word' id='word_1_311' title='bbox 774 2332 794 2362; x_wconf 94' lang='lat' dir='ltr'>b</span> <span class='ocrx_word' id='word_1_312' title='bbox 905 2331 1121 2362; x_wconf 78' lang='lat' dir='ltr'>submonent</span> <span class='ocrx_word' id='word_1_313' title='bbox 1145 2332 1190 2362; x_wconf 88' lang='lat' dir='ltr'>A:</span> <span class='ocrx_word' id='word_1_314' title='bbox 1220 2335 1446 2362; x_wconf 86' lang='lat' dir='ltr'>summouent</span> <span class='ocrx_word' id='word_1_315' title='bbox 1471 2332 1496 2362; x_wconf 91' lang='lat' dir='ltr'>B</span> <span class='ocrx_word' id='word_1_316' title='bbox 1614 2334 1633 2363; x_wconf 85' lang='grc'>6</span> <span class='ocrx_word' id='word_1_317' title='bbox 1659 2333 1695 2364; x_wconf 90' lang='lat' dir='ltr'>in</span> <span class='ocrx_word' id='word_1_318' title='bbox 1722 2334 1792 2365; x_wconf 87' lang='lat' dir='ltr'>hac</span> 
     </span>
     <span class='ocr_line' id='line_1_35' title="bbox 195 2373 1746 2418; baseline 0.005 -15"><span class='ocrx_word' id='word_1_319' title='bbox 195 2375 432 2415; x_wconf 74' lang='lat' dir='ltr'>persuasione</span> <span class='ocrx_word' id='word_1_320' title='bbox 457 2373 486 2404; x_wconf 92' lang='lat' dir='ltr'>A</span> <span class='ocrx_word' id='word_1_321' title='bbox 579 2376 725 2408; x_wconf 88' lang='lat' dir='ltr'>deducti</span> <span class='ocrx_word' id='word_1_322' title='bbox 750 2375 779 2406; x_wconf 88' lang='lat' dir='ltr'>A</span> <span class='ocrx_word' id='word_1_323' title='bbox 803 2377 893 2407; x_wconf 75' lang='lat' dir='ltr'>lcuml</span> <span class='ocrx_word' id='word_1_324' title='bbox 916 2377 984 2407; x_wconf 59' lang='lat' dir='ltr'>seio</span> <span class='ocrx_word' id='word_1_325' title='bbox 1011 2388 1055 2407; x_wconf 78' lang='lat' dir='ltr'>(m</span> <span class='ocrx_word' id='word_1_326' title='bbox 1080 2380 1171 2407; x_wconf 75' lang='lat' dir='ltr'>rec-tc</span> <span class='ocrx_word' id='word_1_327' title='bbox 1267 2378 1284 2408; x_wconf 78' lang='lat'>7</span> <span class='ocrx_word' id='word_1_328' title='bbox 1303 2387 1432 2418; x_wconf 82' lang='lat' dir='ltr'>prosus</span> <span class='ocrx_word' id='word_1_329' title='bbox 1451 2378 1494 2410; x_wconf 89' lang='lat' dir='ltr'>B:</span> <span class='ocrx_word' id='word_1_330' title='bbox 1522 2388 1669 2418; x_wconf 82' lang='lat' dir='ltr'>prorsus</span> <span class='ocrx_word' id='word_1_331' title='bbox 1689 2380 1746 2410; x_wconf 86' lang='lat' dir='ltr'>Ab</span> 
     </span>
     <span class='ocr_line' id='line_1_36' title="bbox 195 2417 1749 2464; baseline 0.005 -17"><span class='ocrx_word' id='word_1_332' title='bbox 195 2422 215 2447; x_wconf 67' lang='lat'>8</span> <span class='ocrx_word' id='word_1_333' title='bbox 242 2419 453 2450; x_wconf 80' lang='lat' dir='ltr'>adlocamur</span> <span class='ocrx_word' id='word_1_334' title='bbox 469 2417 501 2450; x_wconf 79' lang='grc' dir='ltr'><strong>Β</strong></span> <span class='ocrx_word' id='word_1_335' title='bbox 588 2421 798 2452; x_wconf 79' lang='lat' dir='ltr'>studeamus</span> <span class='ocrx_word' id='word_1_336' title='bbox 815 2422 880 2461; x_wconf 73' lang='lat' dir='ltr'>Bg,</span> <span class='ocrx_word' id='word_1_337' title='bbox 907 2423 968 2452; x_wconf 65' lang='lat' dir='ltr'>sed</span> <span class='ocrx_word' id='word_1_338' title='bbox 992 2433 1013 2453; x_wconf 87' lang='lat' dir='ltr'>a</span> <span class='ocrx_word' id='word_1_339' title='bbox 1039 2432 1140 2452; x_wconf 76' lang='lat' dir='ltr'>erasa</span> <span class='ocrx_word' id='word_1_340' title='bbox 1233 2424 1252 2453; x_wconf 82' lang='lat'><strong>9</strong></span> <span class='ocrx_word' id='word_1_341' title='bbox 1272 2425 1328 2452; x_wconf 85' lang='lat' dir='ltr'>est</span> <span class='ocrx_word' id='word_1_342' title='bbox 1341 2422 1388 2452; x_wconf 91' lang='lat' dir='ltr'>Bn</span> <span class='ocrx_word' id='word_1_343' title='bbox 1406 2433 1434 2452; x_wconf 65' lang='lat' dir='ltr'>s,</span> <span class='ocrx_word' id='word_1_344' title='bbox 1450 2425 1471 2455; x_wconf 87' lang='lat' dir='ltr'>l.</span> <span class='ocrx_word' id='word_1_345' title='bbox 1500 2426 1554 2454; x_wconf 85' lang='lat' dir='ltr'>est</span> <span class='ocrx_word' id='word_1_346' title='bbox 1573 2426 1609 2454; x_wconf 89' lang='lat' dir='ltr'>et</span> <span class='ocrx_word' id='word_1_347' title='bbox 1627 2423 1749 2464; x_wconf 65' lang='lat' dir='ltr'>Meyer</span> 
     </span>
     <span class='ocr_line' id='line_1_37' title="bbox 194 2464 1729 2504; baseline 0.003 -9"><span class='ocrx_word' id='word_1_348' title='bbox 194 2464 261 2496; x_wconf 77' lang='lat' dir='ltr'>hoe</span> <span class='ocrx_word' id='word_1_349' title='bbox 286 2464 494 2504; x_wconf 84' lang='lat' dir='ltr'>prohoemio</span> <span class='ocrx_word' id='word_1_350' title='bbox 520 2466 545 2495; x_wconf 89' lang='lat' dir='ltr'>B</span> <span class='ocrx_word' id='word_1_351' title='bbox 638 2466 698 2497; x_wconf 84' lang='lat' dir='ltr'>hic</span> <span class='ocrx_word' id='word_1_352' title='bbox 724 2465 769 2497; x_wconf 86' lang='lat' dir='ltr'>A:</span> <span class='ocrx_word' id='word_1_353' title='bbox 796 2467 826 2497; x_wconf 84' lang='lat' dir='ltr'>is</span> <span class='ocrx_word' id='word_1_354' title='bbox 851 2468 876 2497; x_wconf 89' lang='lat' dir='ltr'>B</span> <span class='ocrx_word' id='word_1_355' title='bbox 903 2471 935 2498; x_wconf 78' lang='lat' dir='ltr'>ec</span> <span class='ocrx_word' id='word_1_356' title='bbox 959 2469 1032 2498; x_wconf 78' lang='lat' dir='ltr'>rell.</span> <span class='ocrx_word' id='word_1_357' title='bbox 1129 2468 1169 2498; x_wconf 84' lang='lat' dir='ltr'>io</span> <span class='ocrx_word' id='word_1_358' title='bbox 1196 2466 1359 2501; x_wconf 77' lang='lat' dir='ltr'>derectus</span> <span class='ocrx_word' id='word_1_359' title='bbox 1385 2468 1429 2498; x_wconf 79' lang='lat' dir='ltr'>B:</span> <span class='ocrx_word' id='word_1_360' title='bbox 1457 2468 1616 2499; x_wconf 80' lang='lat' dir='ltr'>directus</span> <span class='ocrx_word' id='word_1_361' title='bbox 1642 2467 1729 2503; x_wconf 49' lang='lat' dir='ltr'>Ab&amp;</span> 
     </span>
    </p>

    <p class='ocr_par' dir='ltr' id='par_1_14' title="bbox 194 2509 1794 3005">
     <span class='ocr_line' id='line_1_38' title="bbox 196 2509 1790 2555; baseline 0.003 -15"><span class='ocrx_word' id='word_1_362' title='bbox 196 2511 231 2540; x_wconf 89' lang='lat'>11</span> <span class='ocrx_word' id='word_1_363' title='bbox 261 2509 517 2550; x_wconf 82' lang='lat' dir='ltr'>prohibeamur</span> <span class='ocrx_word' id='word_1_364' title='bbox 541 2509 586 2540; x_wconf 87' lang='lat' dir='ltr'>A:</span> <span class='ocrx_word' id='word_1_365' title='bbox 613 2511 846 2551; x_wconf 81' lang='lat' dir='ltr'>prohibemur</span> <span class='ocrx_word' id='word_1_366' title='bbox 871 2513 896 2542; x_wconf 87' lang='lat' dir='ltr'>B</span> <span class='ocrx_word' id='word_1_367' title='bbox 1038 2514 1076 2542; x_wconf 77' lang='lat'>12</span> <span class='ocrx_word' id='word_1_368' title='bbox 1102 2512 1192 2543; x_wconf 83' lang='lat' dir='ltr'>istut</span> <span class='ocrx_word' id='word_1_369' title='bbox 1216 2511 1259 2542; x_wconf 82' lang='lat' dir='ltr'>A1</span> <span class='ocrx_word' id='word_1_370' title='bbox 1286 2517 1321 2543; x_wconf 75' lang='lat' dir='ltr'>ut</span> <span class='ocrx_word' id='word_1_371' title='bbox 1343 2513 1480 2551; x_wconf 73' lang='lat' dir='ltr'>saepias</span> <span class='ocrx_word' id='word_1_372' title='bbox 1598 2514 1639 2545; x_wconf 82' lang='lat'>13</span> <span class='ocrx_word' id='word_1_373' title='bbox 1664 2516 1790 2555; x_wconf 86' lang='lat' dir='ltr'>putent</span> 
     </span>
     <span class='ocr_line' id='line_1_39' title="bbox 194 2555 1788 2600; baseline 0.003 -15"><span class='ocrx_word' id='word_1_374' title='bbox 194 2555 271 2585; x_wconf 89' lang='lat' dir='ltr'>AB:</span> <span class='ocrx_word' id='word_1_375' title='bbox 300 2557 429 2595; x_wconf 81' lang='lat' dir='ltr'>putant</span> <span class='ocrx_word' id='word_1_376' title='bbox 454 2556 506 2588; x_wconf 79' lang='lat' dir='ltr'>ed.</span> <span class='ocrx_word' id='word_1_377' title='bbox 535 2556 647 2597; x_wconf 76' lang='lat' dir='ltr'>Camp.</span> <span class='ocrx_word' id='word_1_378' title='bbox 680 2558 770 2598; x_wconf 69' lang='lat' dir='ltr'>quod</span> <span class='ocrx_word' id='word_1_379' title='bbox 794 2559 904 2598; x_wconf 75' lang='lat' dir='ltr'>ulique</span> <span class='ocrx_word' id='word_1_380' title='bbox 930 2562 1168 2598; x_wconf 74' lang='lat' dir='ltr'>eoespeclares,</span> <span class='ocrx_word' id='word_1_381' title='bbox 1202 2558 1245 2597; x_wconf 68' lang='lat' dir='ltr'>ef.</span> <span class='ocrx_word' id='word_1_382' title='bbox 1274 2562 1381 2588; x_wconf 74' lang='lat' dir='ltr'>tamen</span> <span class='ocrx_word' id='word_1_383' title='bbox 1407 2559 1435 2594; x_wconf 75' lang='lat' dir='ltr'>l),</span> <span class='ocrx_word' id='word_1_384' title='bbox 1457 2559 1489 2597; x_wconf 74' lang='lat'>3,</span> <span class='ocrx_word' id='word_1_385' title='bbox 1511 2559 1563 2589; x_wconf 65' lang='lat'>43.</span> <span class='ocrx_word' id='word_1_386' title='bbox 1594 2561 1621 2594; x_wconf 89' lang='lat'>7,</span> <span class='ocrx_word' id='word_1_387' title='bbox 1643 2561 1675 2592; x_wconf 75' lang='lat'>3,</span> <span class='ocrx_word' id='word_1_388' title='bbox 1695 2558 1788 2600; x_wconf 65' lang='lat'><em>9(‘?)·</em></span> 
     </span>
     <span class='ocr_line' id='line_1_40' title="bbox 195 2601 1794 2645; baseline 0.004 -15"><span class='ocrx_word' id='word_1_389' title='bbox 195 2603 224 2637; x_wconf 76' lang='lat'>0,</span> <span class='ocrx_word' id='word_1_390' title='bbox 245 2602 275 2635; x_wconf 83' lang='lat'>1,</span> <span class='ocrx_word' id='word_1_391' title='bbox 294 2602 352 2630; x_wconf 76' lang='lat'>23.</span> <span class='ocrx_word' id='word_1_392' title='bbox 373 2603 404 2639; x_wconf 70' lang='grc' dir='ltr'>ἰ),</span> <span class='ocrx_word' id='word_1_393' title='bbox 424 2601 454 2636; x_wconf 76' lang='grc'>-1,</span> <span class='ocrx_word' id='word_1_394' title='bbox 471 2602 553 2632; x_wconf 78' lang='lat'><strong><em>133.</em></strong></span> <span class='ocrx_word' id='word_1_395' title='bbox 577 2603 627 2638; x_wconf 86' lang='lat'>12,</span> <span class='ocrx_word' id='word_1_396' title='bbox 648 2603 698 2637; x_wconf 82' lang='lat'>11,</span> <span class='ocrx_word' id='word_1_397' title='bbox 719 2604 759 2633; x_wconf 73' lang='lat'>10</span> <span class='ocrx_word' id='word_1_398' title='bbox 852 2602 1024 2634; x_wconf 85' lang='lat' dir='ltr'>debemus</span> <span class='ocrx_word' id='word_1_399' title='bbox 1042 2603 1091 2633; x_wconf 90' lang='lat' dir='ltr'>Bn</span> <span class='ocrx_word' id='word_1_400' title='bbox 1118 2605 1187 2634; x_wconf 81' lang='lat' dir='ltr'>Im.</span> <span class='ocrx_word' id='word_1_401' title='bbox 1284 2604 1324 2633; x_wconf 85' lang='lat'>15</span> <span class='ocrx_word' id='word_1_402' title='bbox 1352 2605 1386 2633; x_wconf 89' lang='lat' dir='ltr'>et</span> <span class='ocrx_word' id='word_1_403' title='bbox 1411 2613 1472 2635; x_wconf 81' lang='lat' dir='ltr'>om.</span> <span class='ocrx_word' id='word_1_404' title='bbox 1500 2614 1538 2633; x_wconf 81' lang='lat' dir='ltr'>m.</span> <span class='ocrx_word' id='word_1_405' title='bbox 1563 2604 1584 2634; x_wconf 81' lang='lat'><em>3</em></span> <span class='ocrx_word' id='word_1_406' title='bbox 1609 2604 1641 2634; x_wconf 78' lang='grc' dir='ltr'>ἰη</span> <span class='ocrx_word' id='word_1_407' title='bbox 1666 2604 1730 2645; x_wconf 83' lang='lat' dir='ltr'>Bg,</span> <span class='ocrx_word' id='word_1_408' title='bbox 1756 2610 1794 2636; x_wconf 77' lang='lat' dir='ltr'>at</span> 
     </span>
     <span class='ocr_line' id='line_1_41' title="bbox 195 2645 1791 2687; baseline 0.004 -12"><span class='ocrx_word' id='word_1_409' title='bbox 195 2645 240 2684; x_wconf 79' lang='lat' dir='ltr'>cf.</span> <span class='ocrx_word' id='word_1_410' title='bbox 265 2645 284 2683; x_wconf 62' lang='grc' dir='ltr'><strong><em>ξ</em></strong></span> <span class='ocrx_word' id='word_1_411' title='bbox 311 2646 362 2678; x_wconf 79' lang='grc'>60.</span> <span class='ocrx_word' id='word_1_412' title='bbox 383 2647 414 2683; x_wconf 73' lang='lat'>4,</span> <span class='ocrx_word' id='word_1_413' title='bbox 435 2648 467 2686; x_wconf 86' lang='lat'>5,</span> <span class='ocrx_word' id='word_1_414' title='bbox 493 2648 535 2676; x_wconf 74' lang='lat'>26</span> <span class='ocrx_word' id='word_1_415' title='bbox 561 2651 594 2677; x_wconf 78' lang='lat' dir='ltr'>et</span> <span class='ocrx_word' id='word_1_416' title='bbox 618 2647 751 2678; x_wconf 72' lang='lat' dir='ltr'>llanclii</span> <span class='ocrx_word' id='word_1_417' title='bbox 781 2647 920 2679; x_wconf 67' lang='lat' dir='ltr'>Tursell.</span> <span class='ocrx_word' id='word_1_418' title='bbox 947 2648 978 2687; x_wconf 88' lang='lat' dir='ltr'>I,</span> <span class='ocrx_word' id='word_1_419' title='bbox 1005 2649 1072 2679; x_wconf 68' lang='lat'>584</span> <span class='ocrx_word' id='word_1_420' title='bbox 1200 2647 1454 2679; x_wconf 84' lang='lat' dir='ltr'>demosthenes</span> <span class='ocrx_word' id='word_1_421' title='bbox 1479 2648 1504 2677; x_wconf 92' lang='lat' dir='ltr'>B</span> <span class='ocrx_word' id='word_1_422' title='bbox 1646 2650 1685 2680; x_wconf 81' lang='lat'>16</span> <span class='ocrx_word' id='word_1_423' title='bbox 1711 2660 1791 2681; x_wconf 84' lang='lat' dir='ltr'>ora-</span> 
     </span>
     <span class='ocr_line' id='line_1_42' title="bbox 196 2689 1788 2734; baseline 0.004 -14"><span class='ocrx_word' id='word_1_424' title='bbox 196 2690 293 2721; x_wconf 83' lang='lat' dir='ltr'>tione</span> <span class='ocrx_word' id='word_1_425' title='bbox 318 2689 361 2720; x_wconf 84' lang='grc' dir='ltr'>Α1</span> <span class='ocrx_word' id='word_1_426' title='bbox 478 2691 525 2722; x_wconf 89' lang='lat' dir='ltr'>M.</span> <span class='ocrx_word' id='word_1_427' title='bbox 550 2690 624 2724; x_wconf 88' lang='lat' dir='ltr'>Ab:</span> <span class='ocrx_word' id='word_1_428' title='bbox 653 2703 714 2724; x_wconf 81' lang='lat' dir='ltr'>om.</span> <span class='ocrx_word' id='word_1_429' title='bbox 741 2692 766 2722; x_wconf 87' lang='lat' dir='ltr'>B</span> <span class='ocrx_word' id='word_1_430' title='bbox 873 2693 913 2724; x_wconf 82' lang='lat'>18</span> <span class='ocrx_word' id='word_1_431' title='bbox 939 2692 1054 2734; x_wconf 82' lang='lat' dir='ltr'>figura</span> <span class='ocrx_word' id='word_1_432' title='bbox 1078 2693 1104 2723; x_wconf 92' lang='lat' dir='ltr'>B</span> <span class='ocrx_word' id='word_1_433' title='bbox 1212 2694 1252 2724; x_wconf 81' lang='lat'>19</span> <span class='ocrx_word' id='word_1_434' title='bbox 1278 2694 1392 2723; x_wconf 86' lang='lat' dir='ltr'>totam</span> <span class='ocrx_word' id='word_1_435' title='bbox 1419 2691 1515 2723; x_wconf 86' lang='lat' dir='ltr'>illam</span> <span class='ocrx_word' id='word_1_436' title='bbox 1534 2693 1580 2723; x_wconf 89' lang='lat' dir='ltr'>A:</span> <span class='ocrx_word' id='word_1_437' title='bbox 1608 2692 1709 2725; x_wconf 86' lang='lat' dir='ltr'>illam</span> <span class='ocrx_word' id='word_1_438' title='bbox 1736 2698 1788 2727; x_wconf 84' lang='lat' dir='ltr'>to-</span> 
     </span>
     <span class='ocr_line' id='line_1_43' title="bbox 195 2735 1732 2777; baseline 0.004 -12"><span class='ocrx_word' id='word_1_439' title='bbox 195 2738 267 2765; x_wconf 89' lang='lat' dir='ltr'>tam</span> <span class='ocrx_word' id='word_1_440' title='bbox 284 2735 310 2765; x_wconf 89' lang='lat' dir='ltr'>B</span> <span class='ocrx_word' id='word_1_441' title='bbox 402 2735 763 2768; x_wconf 81' lang='lat' dir='ltr'>uehementissimam</span> <span class='ocrx_word' id='word_1_442' title='bbox 789 2737 890 2777; x_wconf 73' lang='lat' dir='ltr'>leget</span> <span class='ocrx_word' id='word_1_443' title='bbox 914 2739 934 2768; x_wconf 95' lang='lat' dir='ltr'>b</span> <span class='ocrx_word' id='word_1_444' title='bbox 1028 2739 1068 2769; x_wconf 74' lang='lat'>‘21</span> <span class='ocrx_word' id='word_1_445' title='bbox 1097 2739 1308 2769; x_wconf 79' lang='lat' dir='ltr'>accusatori</span> <span class='ocrx_word' id='word_1_446' title='bbox 1330 2737 1359 2767; x_wconf 85' lang='lat' dir='ltr'>A</span> <span class='ocrx_word' id='word_1_447' title='bbox 1451 2739 1493 2768; x_wconf 75' lang='lat'>22</span> <span class='ocrx_word' id='word_1_448' title='bbox 1520 2737 1679 2770; x_wconf 82' lang='lat' dir='ltr'>aduersa</span> <span class='ocrx_word' id='word_1_449' title='bbox 1703 2740 1732 2771; x_wconf 83' lang='lat' dir='ltr'>A</span> 
     </span>
     <span class='ocr_line' id='line_1_44' title="bbox 195 2779 1787 2823; baseline 0.004 -13"><span class='ocrx_word' id='word_1_450' title='bbox 195 2779 410 2821; x_wconf 83' lang='lat' dir='ltr'>languescat</span> <span class='ocrx_word' id='word_1_451' title='bbox 434 2781 490 2813; x_wconf 79' lang='lat' dir='ltr'>uis</span> <span class='ocrx_word' id='word_1_452' title='bbox 515 2782 557 2812; x_wconf 86' lang='lat' dir='ltr'>B:</span> <span class='ocrx_word' id='word_1_453' title='bbox 585 2782 763 2823; x_wconf 78' lang='lat' dir='ltr'>languere</span> <span class='ocrx_word' id='word_1_454' title='bbox 792 2786 896 2814; x_wconf 72' lang='lat' dir='ltr'>actus</span> <span class='ocrx_word' id='word_1_455' title='bbox 921 2784 949 2813; x_wconf 91' lang='lat' dir='ltr'>A</span> <span class='ocrx_word' id='word_1_456' title='bbox 1034 2785 1076 2814; x_wconf 69' lang='lat'>25</span> <span class='ocrx_word' id='word_1_457' title='bbox 1101 2786 1243 2814; x_wconf 81' lang='lat' dir='ltr'>tantum</span> <span class='ocrx_word' id='word_1_458' title='bbox 1260 2783 1290 2812; x_wconf 88' lang='lat' dir='ltr'>A</span> <span class='ocrx_word' id='word_1_459' title='bbox 1314 2783 1347 2813; x_wconf 78' lang='lat' dir='ltr'>in</span> <span class='ocrx_word' id='word_1_460' title='bbox 1372 2793 1442 2815; x_wconf 75' lang='lat' dir='ltr'>ras.</span> <span class='ocrx_word' id='word_1_461' title='bbox 1515 2782 1787 2817; x_wconf 84' lang='lat' dir='ltr'>demosthenem</span> 
     </span>
     <span class='ocr_line' id='line_1_45' title="bbox 195 2825 1787 2868; baseline 0.004 -13"><span class='ocrx_word' id='word_1_462' title='bbox 195 2825 230 2861; x_wconf 83' lang='lat' dir='ltr'>B,</span> <span class='ocrx_word' id='word_1_463' title='bbox 258 2825 516 2857; x_wconf 85' lang='lat' dir='ltr'>demosthenen</span> <span class='ocrx_word' id='word_1_464' title='bbox 542 2826 572 2857; x_wconf 94' lang='lat' dir='ltr'>A</span> <span class='ocrx_word' id='word_1_465' title='bbox 679 2828 734 2859; x_wconf 88' lang='lat' dir='ltr'>illi</span> <span class='ocrx_word' id='word_1_466' title='bbox 758 2828 800 2858; x_wconf 91' lang='lat' dir='ltr'>B:</span> <span class='ocrx_word' id='word_1_467' title='bbox 828 2827 891 2859; x_wconf 89' lang='lat' dir='ltr'>ille</span> <span class='ocrx_word' id='word_1_468' title='bbox 917 2827 959 2858; x_wconf 83' lang='lat' dir='ltr'>A1</span> <span class='ocrx_word' id='word_1_469' title='bbox 986 2834 1018 2859; x_wconf 70' lang='lat' dir='ltr'>zet</span> <span class='ocrx_word' id='word_1_470' title='bbox 1045 2829 1187 2864; x_wconf 67' lang='lat' dir='ltr'>uidetur,</span> <span class='ocrx_word' id='word_1_471' title='bbox 1213 2827 1315 2859; x_wconf 87' lang='lat' dir='ltr'>illum</span> <span class='ocrx_word' id='word_1_472' title='bbox 1341 2837 1361 2858; x_wconf 85' lang='lat' dir='ltr'>a</span> <span class='ocrx_word' id='word_1_473' title='bbox 1387 2833 1418 2859; x_wconf 73' lang='lat' dir='ltr'>et</span> <span class='ocrx_word' id='word_1_474' title='bbox 1442 2828 1567 2868; x_wconf 71' lang='lat' dir='ltr'>Reffl&#39;ecs</span> <span class='ocrx_word' id='word_1_475' title='bbox 1675 2834 1787 2862; x_wconf 77' lang='lat' dir='ltr'>muta-</span> 
     </span>
     <span class='ocr_line' id='line_1_46' title="bbox 195 2869 1786 2914; baseline 0.005 -15"><span class='ocrx_word' id='word_1_476' title='bbox 195 2869 291 2900; x_wconf 86' lang='lat' dir='ltr'>ueris</span> <span class='ocrx_word' id='word_1_477' title='bbox 316 2871 345 2900; x_wconf 87' lang='lat' dir='ltr'>A</span> <span class='ocrx_word' id='word_1_478' title='bbox 437 2873 479 2903; x_wconf 77' lang='lat'>26</span> <span class='ocrx_word' id='word_1_479' title='bbox 506 2872 590 2913; x_wconf 86' lang='lat' dir='ltr'>quid</span> <span class='ocrx_word' id='word_1_480' title='bbox 607 2874 652 2913; x_wconf 90' lang='lat' dir='ltr'>A,</span> <span class='ocrx_word' id='word_1_481' title='bbox 684 2874 747 2904; x_wconf 72' lang='lat' dir='ltr'>sed</span> <span class='ocrx_word' id='word_1_482' title='bbox 771 2873 781 2903; x_wconf 88' lang='lat' dir='ltr'>i</span> <span class='ocrx_word' id='word_1_483' title='bbox 806 2874 839 2903; x_wconf 68' lang='lat' dir='ltr'>in</span> <span class='ocrx_word' id='word_1_484' title='bbox 864 2884 953 2914; x_wconf 48' lang='lat' dir='ltr'>ram,</span> <span class='ocrx_word' id='word_1_485' title='bbox 987 2873 1071 2914; x_wconf 83' lang='lat' dir='ltr'>quid</span> <span class='ocrx_word' id='word_1_486' title='bbox 1086 2890 1129 2894; x_wconf 81' lang='lat'>—</span> <span class='ocrx_word' id='word_1_487' title='bbox 1147 2873 1298 2905; x_wconf 82' lang='lat' dir='ltr'>abutere</span> <span class='ocrx_word' id='word_1_488' title='bbox 1324 2874 1470 2904; x_wconf 73' lang='lat' dir='ltr'>irzsicieia</span> <span class='ocrx_word' id='word_1_489' title='bbox 1493 2873 1635 2913; x_wconf 72' lang='lat' dir='ltr'>putabat</span> <span class='ocrx_word' id='word_1_490' title='bbox 1653 2875 1786 2908; x_wconf 65' lang='lat' dir='ltr'>Cortice-5</span> 
     </span>
     <span class='ocr_line' id='line_1_47' title="bbox 196 2914 1783 2959; baseline 0.005 -14"><span class='ocrx_word' id='word_1_491' title='bbox 196 2915 242 2946; x_wconf 77' lang='lat' dir='ltr'>ad</span> <span class='ocrx_word' id='word_1_492' title='bbox 257 2914 338 2946; x_wconf 79' lang='lat' dir='ltr'>Sall.</span> <span class='ocrx_word' id='word_1_493' title='bbox 354 2926 391 2956; x_wconf 78' lang='lat' dir='ltr'>p.</span> <span class='ocrx_word' id='word_1_494' title='bbox 412 2918 518 2955; x_wconf 59' lang='lat'>104&amp;</span> <span class='ocrx_word' id='word_1_495' title='bbox 544 2923 579 2949; x_wconf 77' lang='lat' dir='ltr'>nt</span> <span class='ocrx_word' id='word_1_496' title='bbox 604 2919 649 2958; x_wconf 78' lang='lat' dir='ltr'>ef.</span> <span class='ocrx_word' id='word_1_497' title='bbox 669 2921 699 2955; x_wconf 70' lang='lat'>5),</span> <span class='ocrx_word' id='word_1_498' title='bbox 721 2922 752 2955; x_wconf 72' lang='lat'>3,</span> <span class='ocrx_word' id='word_1_499' title='bbox 772 2919 814 2949; x_wconf 67' lang='lat' dir='ltr'>Sl)</span> <span class='ocrx_word' id='word_1_500' title='bbox 839 2922 871 2949; x_wconf 80' lang='lat' dir='ltr'>et</span> <span class='ocrx_word' id='word_1_501' title='bbox 897 2918 1015 2959; x_wconf 78' lang='lat' dir='ltr'>Spalcl.</span> <span class='ocrx_word' id='word_1_502' title='bbox 1041 2919 1088 2950; x_wconf 81' lang='lat' dir='ltr'>ad</span> <span class='ocrx_word' id='word_1_503' title='bbox 1110 2918 1140 2950; x_wconf 82' lang='grc'>11.</span> <span class='ocrx_word' id='word_1_504' title='bbox 1168 2920 1188 2950; x_wconf 87' lang='lat' dir='ltr'>I.</span> <span class='ocrx_word' id='word_1_505' title='bbox 1284 2928 1402 2950; x_wconf 86' lang='lat' dir='ltr'>nonne</span> <span class='ocrx_word' id='word_1_506' title='bbox 1429 2918 1552 2959; x_wconf 63' lang='lat' dir='ltr'>Meyer</span> <span class='ocrx_word' id='word_1_507' title='bbox 1636 2919 1783 2954; x_wconf 81' lang='lat' dir='ltr'>derecto</span> 
     </span>
     <span class='ocr_line' id='line_1_48' title="bbox 195 2959 866 3005; baseline 0.009 -16"><span class='ocrx_word' id='word_1_508' title='bbox 195 2959 238 2991; x_wconf 86' lang='lat' dir='ltr'>B:</span> <span class='ocrx_word' id='word_1_509' title='bbox 266 2959 404 2993; x_wconf 81' lang='lat' dir='ltr'>directo</span> <span class='ocrx_word' id='word_1_510' title='bbox 429 2962 487 2997; x_wconf 84' lang='grc' dir='ltr'>Ας</span> <span class='ocrx_word' id='word_1_511' title='bbox 579 2965 620 2995; x_wconf 79' lang='lat'>27</span> <span class='ocrx_word' id='word_1_512' title='bbox 646 2966 816 3005; x_wconf 73' lang='lat' dir='ltr'>protenus</span> <span class='ocrx_word' id='word_1_513' title='bbox 841 2964 866 2994; x_wconf 92' lang='lat' dir='ltr'>B</span> 
     </span>
    </p>
   </div>
   <div class='ocr_carea' id='block_1_6' title="bbox 304 2218 465 2221">
    <p class='ocr_par' dir='ltr' id='par_1_15' title="bbox 304 2218 465 2221">
     <span class='ocr_line' id='line_1_49' title="bbox 304 2218 465 2221; baseline 0 0"><span class='ocrx_word' id='word_1_514' title='bbox 304 2218 465 2221; x_wconf 95' lang='lat' dir='ltr'> </span> 
     </span>
    </p>
   </div>
  </div>
 </body>
</html>
