1939 3228
732 151 828 179 vm.
875 150 893 169 ·›
939 148 1107 179 11—19.
1659 140 1713 181 65

876 171 906 191 *7

132 255 213 306 tur,
245 254 292 293 ut
320 252 457 293 medio
489 266 680 293 sermone
711 251 893 306 aliquem
922 252 1114 292 inserant
1145 266 1334 304 sensum,
1373 252 1568 306 impediri
1607 252 1714 293 solet

130 319 384 373 intellectus,
417 320 501 360 nisi
532 319 642 373 quod
672 319 960 372 interponitur
990 319 1116 360 breue
1147 321 1223 360 est.
1264 333 1365 360 nam
1395 318 1610 374 Vergilius
1640 319 1713 360 illo

129 387 235 441 loco,
269 401 349 442 quo
380 386 542 441 pullum
574 386 773 441 equinum
804 386 1018 440 describit,
1053 401 1147 428 cum
1177 386 1365 440 dixisset,

482 464 486 466 “
517 468 611 495 1166
641 468 802 494 uanos
832 453 1017 495 horret
1047 454 1331 508 strepitus,

95 539 111 562 5
131 516 401 576 conpluribus
431 522 603 563 insertis
634 521 718 562 alia
745 521 883 575 figura
914 521 1061 575 quinto
1093 523 1260 562 demum
1291 536 1416 562 uersu
1447 521 1569 575 redit,

410 591 536 643 tum,
568 589 610 630 si
641 603 736 643 qua
767 603 946 630 sonum
976 589 1156 643 procul
1188 603 1327 629 arma
1357 588 1640 643 dederunt,

298 659 438 698 stare
467 656 580 698 1060
611 657 796 702 nescit.

130 724 305 765 uitanda
334 724 380 764 in
407 724 556 778 primis
587 724 857 779 ambiguitas,
890 739 976 765 11011
1007 724 1112 765 haec
1143 724 1290 778 solum,
1325 725 1374 765 de
1406 725 1522 766 cuius
1553 738 1709 779 genere
1730 726 1779 767 16

130 806 257 845 supra
288 791 447 832 dictum
481 794 558 842 est,
591 806 696 846 quae
727 792 936 833 incertum
969 791 1234 833 intellectum
1266 792 1384 845 facit,
1417 794 1463 833 ut
1495 791 1713 833 ‘Chreme-

80 861 216 900 10138111
247 859 389 900 audiui
418 859 674 914 percussisse
705 859 934 913 Demean’,
972 859 1043 900 sed
1074 859 1147 899 illa
1179 873 1354 913 quoque,
1386 874 1514 914 quae,
1548 859 1715 900 etiamsi

129 926 299 968 turbare
337 940 424 967 non
464 929 604 982 potest
645 942 835 980 sensum,
884 927 927 968 in
968 927 1079 968 idem
1117 929 1262 967 tamen
1301 927 1525 968 uerborum
1564 927 1715 968 uitium

129 994 301 1048 incidit,
340 996 387 1035 ut
425 994 459 1035 si
499 994 591 1048 quis
630 995 743 1035 dicat
781 995 938 1037 euisum
971 1010 993 1035 a
1026 1010 1068 1036 se
1099 994 1497 1035 1101111116111111)1·11111
1529 995 1714 1036 scriben-

129 1063 254 1102 tem'.
306 1076 405 1102 nam
437 1061 601 1102 etiamsi
633 1061 787 1103 librum
821 1063 872 1103 ab
902 1062 1073 1103 homine
1105 1062 1232 1103 scribi
1264 1064 1396 1116 patet,
1430 1062 1540 1103 male
1570 1064 1714 1104 tamen

131 1129 400 1183 conposuerit
429 1129 662 1184 feceritque
694 1130 952 1185 ambiguum,
985 1132 1192 1184 quantum
1223 1129 1267 1170 in
1298 1130 1389 1184 ipso
1419 1130 1514 1171 fuit.

59 1211 112 1237 Α15
243 1196 323 1237 Est
355 1197 481 1237 etiam
513 1197 558 1237 in
587 1197 838 1251 quibusdam
869 1198 993 1238 turba
1015 1198 1207 1238 inanium
1229 1197 1464 1251 uerborum,
1497 1198 1581 1252 qui,
1616 1198 1781 1240 (11111117

131 1279 391 1306 communem
433 1265 629 1320 loquendi
676 1280 834 1306 morem
879 1266 1178 1319 reformidant,
1226 1264 1340 1305 ducti
1380 1265 1518 1319 specie
1564 1265 1715 1306 nitoris

132 1333 394 1374 circumeunt
432 1333 573 1373 omnia
615 1332 781 1386 copiosa
828 1333 1105 1387 loquacitate,
1153 1347 1200 1374 eo
1239 1332 1347 1386 quod
1388 1332 1525 1373 dicere
1563 1332 1716 1374 nolunt

129 1399 242 1454 ipsa:
274 1400 424 1441 deinde
453 1399 570 1441 illam
601 1400 751 1441 seriem
785 1414 876 1441 cum
917 1401 1000 1441 alia
1040 1401 1165 1441 simili
1206 1400 1432 1454 iungentes
1470 1400 1714 1442 miscentes-

129 1482 222 1521 que,
253 1467 365 1508 ultra
397 1483 521 1522 quam
552 1467 661 1508 ullus
693 1469 865 1521 spiritus
897 1468 1048 1508 durare
1080 1468 1225 1521 possit,
1260 1467 1508 1509 extendunt.
1559 1469 1605 1509 in
1635 1468 1782 1510 110618

79 1548 111 1573 20
129 1535 282 1575 malum
324 1550 347 1575 a
387 1535 636 1590 quibusdam
675 1536 803 1576 etiam
841 1535 1081 1576 laboratur:
1120 1550 1255 1590 neque
1294 1535 1335 1575 id
1378 1550 1533 1576 nouum
1564 1536 1715 1577 uitium

130 1604 206 1655 est,
241 1617 333 1643 cum
364 1603 448 1643 iam
479 1602 589 1656 apud
610 1602 750 1643 Titum
774 1602 941 1643 Liuium
973 1603 1204 1657 inueniam,
1237 1603 1365 1644 fnisse
1397 1606 1715 1657 praeceptorem

130 1669 323 1724 aliquem,
358 1671 427 1724 qui
449 1670 678 1724 discipulos
709 1671 946 1724 obscurare,
981 1685 1086 1724 quae
1116 1671 1319 1724 dicerent,
1352 1671 1529 1725 iuberet,
1562 1686 1714 1726 graeco

128 1737 256 1778 uerbo
287 1739 410 1778 utens
442 1739 644 1780 (κότιεον.
696 1738 806 1778 unde
836 1737 910 1778 illa
932 1738 1093 1779 scilieet
1124 1738 1298 1793 egregia
1328 1739 1536 1780 laudatio:
1569 1741 1715 1780 etanto

129 1804 297 1846 melior:
336 1820 390 1846 ne
423 1820 500 1860 ego
532 1806 699 1860 quidem
730 1805 958 1846 intellexi’.
1021 1805 1091 1846 alii
1123 1806 1376 1847 breuitatem
1408 1807 1609 1848 aemulati
1640 1821 1713 1848 ne-
1730 1809 1781 1850 19

28 1913 35 1916 ,
79 1884 112 1909 25
133 1872 312 1913 cessaria
351 1887 514 1927 quoque
553 1873 734 1914 orationi
780 1873 1037 1914 subtrahunt
1081 1873 1209 1914 uerba
1250 1876 1311 1927 et,
1363 1874 1481 1915 uelut
1518 1874 1620 1915 satis
1659 1874 1737 1926 sit*

69 1977 74 1979 Δ
130 1939 236 1980 scire
266 1940 393 1995 ipsos,
425 1941 524 1995 quid
545 1941 683 1981 dicere
714 1940 863 1994 uelint,
897 1943 1103 1995 quantum
1126 1941 1177 1981 ad
1201 1941 1304 1982 alios
1325 1942 1554 1995 pertineat,
1587 1941 1712 1982 nihili
1742 1932 1761 1941 ⁸

128 2009 296 2060 putant.
358 2010 401 2048 at
432 2022 510 2062 ego
541 2008 741 2049 uitiosum
772 2023 1009 2049 sermonem
1040 2008 1236 2062 dixerim,
1278 2023 1402 2063 quem
1443 2009 1608 2050 auditor
1639 2024 1712 2050 suo

127 2073 301 2128 ingenio
330 2075 557 2130 intellegit.
609 2076 798 2130 quidam,
832 2076 1030 2116 emutatis
1060 2076 1105 2116 in
1136 2090 1380 2129 peruersum
1411 2077 1578 2118 dicendi
1608 2077 1714 2131 figu-
1747 2067 1754 2073 ⁸

215 2212 248 2242 4.
275 2212 404 2253 Georg.
431 2215 461 2251 3,
488 2214 632 2245 79—83.
729 2216 780 2244 21.
807 2214 850 2245 fr.
878 2215 919 2245 78
945 2214 1068 2244 Hertz.

220 2338 234 2367 1
262 2346 370 2368 seusu
395 2336 435 2368 A¹
554 2338 672 2369 solent
696 2338 843 2375 AGMS,
871 2348 929 2367 em.
956 2339 988 2368 in
1014 2339 1066 2368 ed.
1095 2338 1202 2368 Bas-il.
1320 2342 1339 2369 3
1366 2348 1431 2378 quo
1457 2338 1590 2379 pullum
1618 2340 1712 2380 equi-

129 2389 211 2411 num
236 2382 264 2412 A
355 2384 375 2413 4
401 2386 497 2413 orret
522 2384 549 2413 G
641 2384 660 2414 5
686 2382 781 2413 redit
806 2386 877 2412 tum
907 2383 1054 2413 Badius:
1081 2381 1257 2413 redditum
1282 2383 1356 2422 AG,
1385 2383 1547 2413 redditur
1570 2385 1633 2413 MS

129 2425 149 2454 6
174 2425 348 2457 dederunt
371 2428 495 2458 AGM:
524 2428 655 2459 debere
681 2429 712 2467 S,
739 2426 869 2458 dedere
896 2435 916 2461 ς
942 2431 972 2458 ec
998 2428 1077 2458 libri
1106 2428 1206 2467 Vera.
1248 2454 1250 2457 .
1315 2428 1334 2458 8
1360 2427 1452 2458 haee
1477 2429 1496 2457 S
1521 2433 1554 2459 el
1578 2431 1653 2461 m.2
1679 2430 1711 2460 in

130 2480 197 2501 ras.
223 2471 268 2504 A:
296 2482 338 2503 ex
364 2473 433 2502 GM
561 2475 580 2504 9
607 2475 799 2504 cremctem
826 2471 881 2510 A¹,
909 2472 1127 2503 chermetem
1155 2473 1199 2511 G,
1228 2476 1449 2503 crementum
1476 2474 1510 2509 S,
1537 2473 1631 2504 leuius
1657 2484 1712 2504 ym-

129 2515 221 2546 minis
245 2517 316 2547 loco
342 2518 430 2548 dixit
458 2518 494 2556 Q.
518 2521 546 2557 7,
566 2521 597 2558 .‘),
618 2520 659 2547 10
685 2517 884 2548 Lachetem
985 2519 1024 2548 10
1052 2520 1107 2547 set
1133 2517 1194 2547 illo
1220 2517 1260 2547 A¹
1382 2519 1419 2548 12
1445 2516 1574 2548 librum
1601 2518 1712 2549 homi·

130 2569 207 2591 uem
233 2562 455 2593 scribentem
480 2565 565 2594 voni.
594 2564 761 2603 Cleislelz‘ns
878 2563 918 2592 14
945 2565 1198 2603 composuerat
1223 2563 1435 2603 feceratque
1462 2564 1496 2592 M
1604 2565 1642 2594 17
1669 2574 1710 2594 60

130 2604 222 2644 quod
248 2616 326 2637 nos:
354 2612 389 2638 et
415 2607 508 2648 quod
534 2608 608 2646 AG,
635 2610 670 2638 et
696 2618 762 2647 que
789 2608 835 2641 M,
864 2617 929 2647 que
956 2609 994 2646 S,
1022 2617 1112 2647 quae
1140 2607 1170 2637 d.
1199 2607 1326 2638 uolunt
1350 2609 1425 2638 edd.
1452 2612 1529 2638 nect.
1671 2610 1711 2639 18

130 2648 225 2689 ipsa:
251 2650 381 2683 deinde
409 2653 537 2683 Clu-ist:
564 2653 676 2693 ipsam
704 2652 834 2683 deinde
859 2652 937 2682 libri
1028 2650 1120 2683 scria3
1144 2651 1173 2681 A
1291 2654 1328 2683 19
1354 2652 1473 2683 nullus
1498 2653 1517 2682 S
1542 2658 1573 2683 et
1598 2663 1712 2684 manus

128 2703 196 2725 rec.
223 2697 255 2725 in
272 2696 301 2726 A
394 2697 520 2728 durare
547 2698 664 2728 AMS:
692 2697 779 2728 dare
806 2698 832 2726 G
924 2698 966 2728 20
992 2696 1179 2727 laboratus
1205 2697 1231 2726 G
1324 2707 1454 2729 nouum
1470 2698 1708 2737 -11111611111111

128 2736 157 2768 A
180 2741 211 2770 in
236 2745 348 2772 uetere
373 2753 442 2775 ras.
469 2742 568 2773 habel
705 2743 743 2772 ‘21
774 2745 1039 2782 praeceptorem
1065 2743 1218 2782 aliquem
1244 2742 1288 2779 A,
1315 2746 1553 2783 praeceptore
1580 2743 1615 2773 in
1643 2742 1712 2774 ali-

131 2792 231 2823 quem
257 2785 284 2815 G
381 2788 422 2817 22
448 2787 617 2819 iuberent
640 2786 719 2817 A¹G
834 2788 875 2818 23
902 2795 1080 2818 cK0T1c011
1107 2786 1162 2825 A¹,
1189 2785 1356 2818 (κότιεον
1380 2787 1474 2818 unde
1501 2798 1561 2820 om.
1586 2788 1621 2816 M

129 2828 171 2858 24
194 2828 389 2862 breuitatis
416 2831 568 2863 emulari
594 2833 641 2872 M,
671 2832 862 2862 breuitatis
888 2831 1021 2862 aemuli
1040 2833 1059 2861 S
1084 2836 1115 2862 el
1142 2832 1222 2862 dell.
1318 2833 1359 2863 26
1386 2831 1471 2872 quid
1490 2833 1535 2862 A:
1564 2833 1622 2873 qui
1642 2833 1708 2873 GS,

130 2881 219 2911 quae
245 2875 310 2909 Μς
424 2877 529 2908 nihili
556 2878 720 2917 Spalslinss
746 2876 834 2913 (coll.
854 2878 882 2912 6,
903 2878 932 2911 1,
948 2878 991 2907 40
1016 2880 1047 2907 el
1079 2876 1182 2909 Varr.
1205 2877 1244 2906 l„
1264 2877 1304 2909 L.
1324 2880 1343 2907 ,Ἰ
1367 2888 1401 2918 p.
1423 2878 1487 2908 150
1512 2879 1564 2908 ed.
1593 2876 1709 2918 Hip).-

130 2916 217 2949 nihil
242 2919 319 2950 libri
454 2924 495 2954 27
522 2922 691 2953 uitiosum
717 2921 762 2951 A:
789 2921 964 2952 niciosum
989 2922 1034 2955 M,
1062 2921 1215 2952 otiosum
1242 2922 1335 2957 (ἶπες,
1361 2922 1519 2953 utiosum
1545 2932 1565 2952 a
1668 2924 1710 2953 28

131 2965 358 2996 commutatis
386 2966 501 3007 Zumpt
593 2966 739 2998 dicendi
764 2967 808 2997 A:
836 2965 926 2997 dicit
952 2966 994 2997 de
1021 2966 1059 3005 G,
1085 2965 1141 2997 die
1165 2966 1230 3006 hys
1256 2966 1299 2997 de
1325 2968 1371 3006 M,
1397 2967 1506 2998 dictis
1531 2968 1574 2999 de
1601 2970 1619 2998 S

198 3019 373 3059 me'rn„
394 3021 447 3052 ed.
465 3022 590 3053 HAmx.
627 3021 773 3055 V01.11.
1419 3035 1438 3055 ι)
