1939 3180
175 108 259 152 344
701 114 996 154 QUINTILIANI
1029 114 1149 146 1Ν3Τ.
1182 114 1256 145 on.

290 219 343 262 X‘.
407 219 610 274 Superest
639 219 688 259 ut
725 217 864 259 dicam
902 217 952 258 de
991 231 1188 272 genere
1226 218 1509 277 orationis.
1579 217 1649 260 1110
1689 220 1782 260 erat

177 289 421 345 propositus
462 302 486 328 a
523 286 647 328 nobis
686 286 730 328 in
773 285 983 327 diuisione
1021 285 1160 340 prima
1206 285 1324 328 locus
1361 286 1534 328 tertius:
1581 301 1681 327 nam
1719 286 1782 328 ita

179 358 473 413 promiseram,
513 369 580 396 me
612 354 663 395 de
695 356 808 408 arte,
849 354 899 395 de
932 353 1117 408 artifice,
1160 354 1210 395 de
1241 369 1368 409 opere
1399 354 1625 396 dicturum.
1688 369 1782 396 cum

179 427 235 468 sit
274 427 416 467 autem
454 423 686 465 rhetorices
728 424 854 477 atque
884 423 1074 464 noratoris
1113 436 1218 477 opus
1257 422 1392 464 oratio
1429 422 1655 477 pluresque
1694 422 1783 464 eius

178 496 363 548 formae,
407 492 519 534 sicut
557 491 802 544 ostendam,
844 490 890 531 in
929 484 1142 551 omnibus*x
1164 490 1231 532 his
1270 492 1317 532 et·
1344 505 1411 531 ars
1444 489 1581 532 estet
1612 490 1780 544 artifeX,
1803 500 1819 526 5

180 562 410 618 plurimum
440 562 587 602 tamen
617 559 805 601 inuicem
837 559 1059 600 differunt:
1078 556 1173 600 'nec'
1203 558 1339 600 solum
1360 559 1513 614 specie,
1544 561 1593 600 ut
1613 559 1785 614 signum

181 630 306 685 signo
347 631 389 671 et
426 629 575 670 tabula
613 627 785 669 tabulae
824 629 866 669 et
905 627 1015 669 actio
1056 627 1237 682 actioni,
1280 627 1350 668 sed
1391 641 1548 682 genere
1586 627 1700 682 ipso,
1740 628 1787 668 ut

141 698 349 755 2graecis
380 697 629 739 tuscanicae
661 698 841 751 statuae,
876 697 924 737 ut
954 696 1130 741 asianus
1159 695 1359 750 eloquens
1391 696 1537 738 attico.
1591 709 1686 737 suos
1716 710 1786 737 au-

182 770 270 809 tem
299 766 407 808 haec
439 780 615 821 operum
645 779 820 821 genera,
854 778 963 820 quae
995 764 1103 819 dico,
1137 766 1408 806 utauctores
1440 764 1501 806 sic
1523 764 1652 806 etiam
1674 778 1786 806 ama-

183 839 296 878 tores
327 835 510 889 habent,
544 836 672 889 atque
703 833 797 874 ideo
828 833 1018 874 nondum
1050 835 1115 874 est
1144 832 1360 888 perfectus
1392 834 1535 874 orator
1566 847 1614 874 ac
1645 832 1788 874 nescio
1809 846 1840 870 10

186 921 240 946 an
273 919 341 945 ars
373 903 481 958 ulla,
523 917 611 944 non
650 902 786 943 solum
824 902 923 957 quia
965 901 1077 943 aliud
1116 901 1162 942 in
1203 901 1287 942 alio
1324 900 1463 956 magis
1496 900 1674 955 eminet,
1715 900 1789 942 sed

186 973 295 1028 quod
335 986 419 1014 non
462 987 548 1013 una
586 970 783 1013 omnibus
821 970 960 1011 forma
998 969 1180 1024 placuit,
1228 969 1386 1024 partim
1435 969 1682 1011 condicione
1721 969 1790 1010 uel

186 1044 426 1096 temporum
457 1040 525 1082 uel
555 1040 759 1094 locorum,
793 1038 951 1094 partim
983 1038 1140 1080 iudicio
1174 1037 1374 1093 cuiusque
1406 1039 1534 1093 atque
1555 1038 1787 1093 proposito.

145 1113 171 1154 3
301 1109 455 1163 Primi,
495 1123 674 1164 quorum
713 1108 883 1162 quidem
921 1121 1051 1162 opera
1090 1121 1178 1148 non
1216 1106 1447 1148 uetustatis
1487 1107 1610 1148 modo
1649 1106 1791 1162 gratia

188 1178 365 1220 uisenda
403 1178 513 1232 sint,
562 1177 663 1219 clari
699 1177 889 1231 pictores
935 1175 1066 1217 fuisse
1110 1174 1310 1217 dicuntur
1348 1174 1615 1230 Polygnotus
1663 1177 1791 1230 atque
1812 1189 1843 1214 15

188 1247 462 1303 Aglaophon,
495 1260 673 1301 quorum
706 1245 885 1300 simplex
918 1244 1032 1286 color
1053 1246 1143 1285 tam
1165 1244 1226 1285 sui
1251 1243 1462 1285 studiosos
1484 1243 1623 1285 adhuc
1644 1242 1790 1298 habet,

188 1319 235 1357 ut
265 1316 339 1356 illa
369 1329 502 1370 prope
533 1314 655 1355 rudia
688 1328 738 1355 ac
768 1313 886 1355 uelut
914 1312 1087 1354 futurae
1125 1327 1222 1354 mox
1263 1312 1365 1353 artis
1403 1311 1635 1366 primordia
1662 1305 1794 1352 maxiss

189 1385 283 1438 mis,
317 1384 389 1439 qui
420 1385 517 1438 post
548 1398 618 1425 eos
650 1383 901 1436 extiterunt,
935 1381 1179 1423 auctoribus
1201 1381 1465 1436 praeferant,
1498 1380 1672 1436 proprio
1695 1395 1795 1435 quo-

149 1453 287 1497 4dam
318 1451 614 1508 intellegendi,
648 1453 695 1493 ut
725 1465 820 1493 mea
851 1450 996 1506 opinio
1030 1452 1107 1505 est,
1142 1450 1320 1491 ambitu.
1362 1451 1460 1504 post
1481 1448 1634 1490 Zeuxis
1667 1451 1795 1503 atque

191 1521 445 1563 Parrhasius
476 1535 564 1562 non
595 1521 775 1562 multum
808 1521 949 1561 aetate
972 1519 1182 1560 distantes
1206 1519 1318 1561 circa
1340 1518 1647 1574 peloponnesia
1671 1517 1795 1559 ambo
1814 1531 1847 1557 ‘20

190 1593 385 1645 tempora
426 1590 547 1646 (nam
587 1604 682 1631 cum
720 1587 950 1630 Parrhasio
989 1602 1127 1629 sermo
1166 1587 1353 1630 Socratis
1394 1586 1506 1642 apud
1538 1585 1796 1641 Xenophon-

191 1662 279 1700 tem
310 1658 547 1715 inuenitur)
580 1658 811 1713 plurimum
833 1657 915 1698 arti
939 1656 1208 1698 addiderunt.
1253 1670 1430 1711 quorum
1452 1655 1568 1710 prior
1589 1654 1797 1696 luminum

192 1728 523 1782 umbrarumque
554 1727 770 1768 inuenisse
802 1726 1028 1779 rationem,
1063 1725 1273 1767 secundus
1305 1724 1571 1765 examinasse
1600 1722 1798 1778 suptilius

152 1797 328 1841 51ineas
367 1796 565 1837 traditur.
636 1810 736 1836 nam
776 1795 929 1836 Zeuxis
968 1794 1064 1849 plus
1103 1793 1305 1835 membris
1345 1792 1533 1847 corporis
1573 1791 1710 1845 dedit,
1757 1791 1799 1832 id

194 1865 376 1920 amplius
409 1866 535 1919 atque
568 1863 789 1919 augustius
820 1865 938 1904 ratus
980 1865 1107 1917 atque
1118 1895 1129 1917 ,
1170 1864 1218 1903 ut
1257 1861 1526 1914 existimant,
1566 1859 1800 1901 Homerum
1820 1873 1853 1899 25

195 1936 384 1987 secutus,
418 1933 485 1974 cui
517 1933 781 1974 ualidissima
812 1946 1004 1987 quaeque
1036 1931 1173 1972 forma
1204 1930 1332 1971 etiam
1363 1932 1409 1970 in
1439 1928 1612 1970 feminis
1644 1927 1798 1982 placet.

195 2003 266 2044 ille
298 2017 398 2044 uero
430 2002 490 2043 ita
522 2001 858 2056 circumscripsit
888 1999 1044 2054 omnia,
1076 2001 1123 2040 ut
1144 2014 1240 2040 eum
1261 1998 1405 2054 legum
1427 1997 1607 2038 latorem
1629 1997 1800 2050 uocent,

196 2071 295 2126 quia
326 2071 499 2112 deorum
532 2073 659 2125 atque
691 2069 867 2111 heroum
899 2068 1086 2123 effigies,
1128 2067 1272 2122 quales
1305 2067 1359 2108 ab
1391 2080 1440 2107 eo
1472 2067 1574 2107 sunt
1603 2064 1800 2129 traditae7

156 2139 348 2193 sscetcri,
389 2141 610 2193 tamquam
641 2138 701 2179 ita
732 2152 905 2179 11000330
937 2137 1014 2191 sit,
1056 2138 1271 2178 secuntur.
1342 2134 1485 2176 floruit
1516 2134 1658 2174 autem
1691 2133 1803 2174 circa

196 2207 443 2262 Philippum
475 2209 516 2248 et
547 2222 678 2262 usque
709 2207 759 2247 ad
792 2220 1056 2248 successores
1090 2203 1324 2246 Alexandri
1356 2203 1525 2258 pictura
1556 2200 1800 2256 praecipue,
1823 2216 1855 2241 30

198 2276 270 2317 sed
302 2276 480 2317 diuersis
511 2276 757 2317 uirtutibus.
819 2289 921 2316 nam
953 2289 1053 2315 cura
1084 2273 1372 2328 Protogenes,
1407 2271 1573 2312 ratione
1604 2268 1805 2323 Pamphi-

199 2345 263 2385 lus
296 2359 345 2385 ac
377 2344 654 2398 Melanthius,
688 2343 899 2385 facilitate
922 2341 1189 2396 Antiphilus,
1226 2339 1519 2394 concipiendis
1552 2336 1803 2390 uisionibus,

291 2484 346 2518 21.
371 2483 519 2515 Memor.
548 2486 579 2521 3,
610 2485 662 2524 10,
692 2485 719 2517 1.

291 2610 312 2640 4
338 2608 497 2640 rethoris
522 2609 557 2638 M
661 2611 773 2649 atque
799 2607 887 2638 BM:
915 2607 1044 2649 utiquc
1070 2608 1090 2637 b
1207 2606 1227 2637 5
1252 2605 1297 2636 iis
1324 2605 1366 2645 Β,
1392 2615 1455 2637 om,
1482 2605 1517 2633 M
1634 2604 1652 2634 7
1679 2602 1807 2634 tabula

202 2654 353 2686 tabulae
379 2654 461 2694 ΒΜ,
487 2655 551 2686 sed
573 2654 669 2684 BnM
695 2653 819 2685 tabule
927 2656 963 2684 ct
990 2652 1087 2684 actio
1114 2670 1155 2673 ——
1184 2654 1333 2682 statuae
1360 2661 1421 2682 om.
1448 2651 1484 2679 Μ
1578 2649 1717 2680 actioni
1744 2647 1807 2680 sed

203 2703 246 2731 T:
275 2700 422 2732 actione
450 2699 515 2731 scd
532 2700 570 2739 B,
598 2699 764 2731 actiones
793 2702 829 2730 ct
845 2700 878 2739 b,
907 2702 943 2730 et
969 2697 1098 2730 tabula
1124 2696 1252 2729 tabula
1279 2700 1316 2727 ct
1343 2695 1443 2727 actio
1471 2695 1617 2727 actione
1637 2695 1690 2725 ed.
1708 2693 1806 2725 Stoe-

205 2747 317 2782 riana,
344 2746 390 2786 cf.
409 2748 443 2786 2,
462 2747 518 2785 21,
539 2747 581 2776 10
692 2746 732 2776 1⁶3
760 2744 968 2776 conditione
994 2745 1064 2774 ΒΜ
1183 2744 1222 2774 13
1249 2745 1475 2783 tcmporeum
1501 2742 1521 2771 b
1617 2740 1748 2779 cuique
1774 2739 1814 2777 b‚·

208 2803 268 2823 om.
295 2793 330 2821 M
426 2791 466 2822 15
491 2791 564 2822 sint
588 2791 678 2821 BM:
707 2793 791 2822 sunt
815 2792 876 2821 FT
980 2788 1110 2821 17⁴illa
1136 2787 1308 2830 prorudia
1332 2788 1352 2818 b
1447 2796 1529 2817 mox
1556 2784 1646 2816 artis
1671 2785 1708 2814 b:
1734 2794 1807 2815 mo-

209 2837 317 2868 rai-tis
343 2837 379 2874 B,
408 2837 533 2868 mortis
560 2837 595 2866 M
691 2837 731 2868 18
758 2839 842 2878 post
866 2836 949 2866 Mb:
976 2845 1041 2876 pos
1067 2835 1092 2865 B
1212 2835 1251 2865 1‘.)
1278 2843 1358 2864 mea
1382 2832 1472 2862 BM:
1501 2841 1544 2861 ex
1571 2839 1614 2861 ca
1639 2830 1660 2860 b
1755 2831 1811 2860 est

208 2883 292 2913 BM:
322 2883 395 2913 sert
422 2890 442 2916 ς
467 2883 600 2914 incerla
626 2883 830 2913 auctoritate
948 2882 990 2912 21
1018 2879 1131 2912 edidit
1155 2880 1176 2910 b
1293 2879 1335 2909 ⁶25
1360 2880 1468 2917 atque
1493 2877 1531 2906 b:
1560 2877 1624 2906 aut
1649 2874 1718 2904 ΒΜ

208 2929 250 2958 ‘2ss
278 2931 313 2959 et
340 2928 377 2958 in
402 2928 437 2957 M
531 2928 573 2959 28
601 2927 756 2969 effugies
782 2928 807 2959 B
904 2927 949 2958 ab
978 2936 1019 2958 eo
1046 2927 1095 2957 M:
1124 2924 1242 2957 habeo
1268 2924 1294 2954 B
1395 2923 1438 2954 29
1464 2924 1639 2962 tanquam
1664 2920 1694 2951 le.
1721 2922 1741 2954 l.
1759 2920 1808 2951 Bn

297 2974 338 3004 32
366 2971 563 3005 melantius
587 2973 657 3003 ΒΜ
