1939 3180
193 116 276 158 398

197 231 279 273 equi
298 230 464 262 definitio
483 231 574 268 7‚3,3
590 230 626 260 et
640 228 683 259 24

197 280 334 309 erctum
355 276 467 307 citum
492 275 608 316 7‚3,13

196 325 357 354 erectum
377 331 493 363 genus
513 319 747 361 eloquentiae
769 318 905 360 1?‚1,31

197 365 487 409 ἐεχηματιεμὲνη
507 366 626 398 oratio
645 366 759 405 9‚1‚13

196 424 269 446 esse
287 414 447 445 uideatur
466 410 636 443 clausula
653 411 770 449 9‚4‚73

196 460 344 491 essentia
362 459 495 499 2‚14‚2;
514 458 647 498 3,6‚23;
667 456 782 494 8,3‚33

196 511 246 537 esc
264 504 510 546 praecedente
528 501 653 534 uocali
669 502 808 541 9,4‚109

197 550 306 592 ἠθικὴ
324 548 583 591 philosophiae
597 557 683 590 pars
693 548 804 587 6‚2‚8;
826 546 981 586 12,2‚15;

242 597 359 637 2‚21‚3

198 641 388 683 ethologia
408 642 498 679 1‚9,3

198 684 376 729 ἠθοποιία
395 686 527 725 9,2,58;
547 686 662 726 9,3,99

197 733 289 775 ῆθοε
320 733 413 772 6,2,8
434 742 510 774 sqq.
541 729 617 763 ὑπὸ
647 729 692 762 τὸ
722 729 815 771 ἦθος
849 729 981 768 6,3,93;

244 778 318 820 ἤθη
338 779 375 809 in
395 777 532 809 scholis
550 778 666 815 6,2‚17

202 823 427 867 etymologia
447 823 603 864 1,6,1.28
614 832 691 863 sqq.
708 822 768 860 383
789 821 929 861 5,10‚55
949 822 985 850 et

245 872 305 911 593
326 871 439 907 7,3,25

200 914 352 957 εὐχωλή
371 916 485 956 3,4,10

202 963 354 995 euidens
371 960 542 1003 probatio
561 960 674 998 5‚10‚7

202 1007 535 1047 euidentia6‚2‚32;
551 1006 683 1046 S,3,61;
703 1005 838 1045 9‚2,40;
862 1013 987 1035 e.nar-

246 1054 403 1085 rationis
420 1053 535 1091 4‚‘2‚63
547 1062 600 1093 sq.

201 1096 512 1141 εὐφανταείωτο(
531 1098 648 1139 6,2,30

202 1143 376 1187 εὐφωνία
396 1145 488 1185 1,5,4

202 1192 363 1233 Europa‘i
382 1191 495 1231 1‚5,17

202 1235 383 1279 εὐρυθμία
404 1236 539 1276 1,1Ο,26

204 1284 331 1315 Eullzia
350 1283 461 1321 1,5,ssl

203 1326 389 1368 ἐξαλλαγὴ
409 1328 522 1367 9,3,12

203 1374 374 1407 excelsus
393 1377 514 1405 orator
534 1374 693 1413 12‚10‚23

205 1430 400 1459 excessus,
425 1420 447 1451 i.
470 1430 500 1451 e.
522 1418 685 1459 egressio
704 1418 790 1458 3,9,1
811 1418 848 1448 et
866 1417 905 1455 4;
940 1415 988 1447 cf.

251 1466 419 1499 excursio

206 1512 363 1545 excitari
387 1512 424 1542 in
451 1511 685 1553 peroratione
705 1510 840 1551 6,1,30;
866 1507 992 1549 magui

252 1558 426 1591 momenti
440 1562 506 1595 est,
524 1556 704 1598 quomodo
720 1565 758 1587 se
775 1555 915 1586 dicenti
931 1553 991 1595 qui

252 1605 437 1636 excitatur
455 1602 708 1635 accommodet
726 1602 841 1642 (3,1,37
851 1610 931 1642 sqq.

207 1650 429 1683 exclamatio
454 1650 569 1689 9‚1,34
586 1652 621 1680 et
635 1650 694 1688 393
721 1648 856 1688 9,2‚-27;
876 1647 991 1686 9,3,97

206 1706 403 1729 excurrere
422 1696 461 1726 in
477 1695 598 1727 locum
618 1694 778 1736 aliquem
797 1692 935 1724 laetum
951 1701 994 1722 ac

251 1741 492 1784 plausibilem
508 1742 599 1781 4,3,1

208 1785 991 1827 excursio‘2‚13‚1;innarratione4‚‘2‚103sq.

253 1837 337 1876 post
350 1833 602 1865 narrationem
612 1833 703 1871 4,3,1
716 1841 792 1873 sqq.
812 1829 994 1862 excursio-

253 1891 319 1912 nes
336 1880 374 1910 in
394 1881 501 1920 gestu
520 1879 636 1919 1‚11‚3

210 1935 385 1957 excursus
402 1926 498 1964 4‚3,5
513 1927 550 1955 et
567 1925 625 1961 123
648 1923 781 1962 10,5‚12

210 1971 400 2003 excusatio
419 1971 547 2011 7,4‚31‚
569 1969 730 2001 criminis
749 1969 839 2005 7‚4‚3
858 1970 894 1999 et
914 1968 953 1998 14

210 2027 362 2049 excusor
380 2017 521 2056 ‘2‚‘21‚10

212 2062 418 2104 exemplum
453 2062 566 2102 5‚11,1
584 2071 662 2102 sqq.
694 2061 825 2099 9,1,31;
860 2060 993 2098 9‚21‚‘2;

258 2120 300 2141 ex
315 2107 469 2150 poeticis
484 2107 625 2139 fabulis
636 2107 858 2147 5‚11‚17sqq.
873 2115 995 2136 exem-

256 2155 318 2197 pla
337 2155 450 2195 5,2‚1;
471 2153 721 2195 exemplorum
741 2152 851 2193 copia
870 2153 995 2182 orator

257 2200 446 2232 abundare
465 2198 577 2231 debet
597 2200 707 2238 12,4‚1

212 2246 378 2278 exerceri
397 2245 614 2277 decretoriis
635 2245 769 2282 10.5‚20

213 2291 433 2324 exercitatio
445 2290 593 2322 dicendi
605 2290 741 2331 10,7‚24
751 2299 827 2331 sqq.
839 2288 993 2329 12‚2,20;

257 2348 315 2370 ex.
334 2336 488 2379 puerilis
509 2338 619 2376 1‚11,1
632 2346 710 2378 sqq.

212 2381 404 2425 ἐξεργαεία
421 2382 534 2423 8,3,88

213 2427 450 2462 ἐξεταστικὸν
468 2439 584 2470 genus
603 2437 798 2459 causarum
817 2426 909 2464 3,4‚9

214 2475 521 2507 exheredatorum
541 2485 562 2505 a
578 2473 798 2515 parentibus
813 2474 902 2514 aput
917 2481 997 2503 cen-

259 2521 437 2552 tumuiros
456 2520 554 2551 actio
574 2521 685 2561 7‚4,11
707 2522 743 2551 et
760 2520 804 2550 20

214 2567 422 2599 exhortatio
440 2567 576 2606 9,2‚103

217 2612 470 2645 exhortatiuus
490 2614 608 2644 status
627 2611 761 2651 3‚6‚47;
783 2609 863 2641 exli.
884 2618 998 2650 genus

260 2660 398 2699 5,10,82

216 2704 322 2735 exilis
357 2714 428 2736 uox
463 2704 617 2743 11,3,i5;
654 2701 769 2733 exiles
804 2699 998 2741 (oratores)

261 2749 351 2781 fiunt
369 2759 434 2791 pro
452 2749 590 2791 pressis
610 2748 743 2785 10,2‚16

217 2795 365 2826 exilitas
395 2793 621 2836 quarundam
647 2793 856 2825 litterarum
887 2791 1001 2822 nimia

264 2842 377 2881 1‚11‚4

218 2886 364 2917 exilium
384 2885 656 2926 quinquennale
676 2885 787 2924 7,4,43

220 2932 338 2962 exitus
359 2942 385 2963 s.
405 2929 565 2971 ἐκβάξει(
584 2931 721 2971 5,10‚86

220 2976 354 3007 exoleti
374 2980 543 3009 auctores
562 2977 676 3015 8,2‚12

921 119 1072 150 INDEX

1017 223 1202 256 exordium
1220 224 1310 264 4,1‚1
1329 232 1407 264 sqq.
1435 221 1519 264 quid
1546 223 1634 263 agat
1652 220 1698 252 ib.
1722 220 1741 259 ξ
1760 220 1797 260 53

1064 270 1109 301 ab
1129 272 1251 301 actore
1273 278 1410 300 causae
1434 268 1581 299 ductum
1601 268 1619 306 ἓ
1638 268 1668 301 7,
1696 276 1717 297 a
1736 276 1800 307 pa-

1062 318 1167 346 trono
1192 314 1311 357 partis
1344 313 1525 345 aduersae
1550 314 1569 351 ἓ
1595 314 1655 353 11,
1688 322 1731 343 ex
1756 311 1800 342 iis

1064 370 1159 402 quae
1180 360 1354 392 adiuncta
1372 362 1457 391 sunt
1475 358 1641 400 personis
1661 360 1697 388 et
1716 366 1799 388 cau-

1065 408 1115 437 sis
1133 406 1151 445 §
1170 407 1233 445 303
1255 415 1324 447 quo
1343 404 1449 436 modo
1468 404 1578 435 iudex
1595 403 1632 434 in
1652 402 1800 434 exordio

1064 451 1323 493 concilietur§
1345 452 1405 491 163
1432 459 1502 491 quo
1526 448 1639 480 distet
1663 448 1708 479 ab
1729 448 1802 488 epi-

1064 498 1149 539 logo
1167 497 1186 535 ξ
1205 496 1266 536 28;
1293 496 1435 528 exordii
1459 497 1585 537 partes
1602 496 1621 534 ἓ
1639 495 1700 534 42,
1728 493 1802 524 elo-

1064 543 1163 575 cutio
1182 542 1201 581 ἕ
1215 542 1276 583 58;
1296 542 1422 574 modus
1442 542 1519 572 eius
1537 550 1602 582 pro
1621 549 1736 570 causa
1754 539 1804 570 sit

1064 590 1084 627 ξ
1113 590 1175 629 6-2,
1210 588 1438 620 exordiorum
1467 587 1561 618 uitia
1590 588 1609 624 ἕ
1640 586 1700 625 71,
1731 594 1804 616 non

1066 644 1207 676 semper
1232 633 1378 666 exordio
1405 643 1494 674 opus
1521 634 1577 663 est
1594 633 1613 670 ς’
1631 631 1691 665 72,
1718 629 1804 672 quid

1065 680 1165 719 ineo
1184 679 1338 720 primum
1358 688 1438 710 esse
1456 678 1591 709 debeat
1604 677 1623 715 ξ
1639 677 1696 714 76ς
1717 686 1804 717 qua-

1066 726 1112 758 lis
1147 725 1398 767 pronuntiatio
1432 725 1465 756 ei
1497 722 1696 755 conueniat
1716 723 1804 761 11,3,

1068 773 1152 811 161;
1189 771 1376 803 exordium
1401 770 1573 811 uulgare,
1600 777 1805 808 commune,

1068 816 1346 858 commutabile,
1382 818 1593 857 separatum
1607 839 1615 854 ,
1649 812 1805 844 transla-

1067 866 1160 903 tum,
1191 862 1356 905 longum,
1390 864 1521 894 contra
1545 862 1747 902 praecepta
1771 859 1805 899 4,

1070 910 1146 950 1‚71

1024 960 1171 997 expecto
1191 957 1228 986 et
1245 958 1410 995 eaespeclo
1430 953 1522 995 1,7,4

1024 1006 1230 1043 escpectorat
1247 1001 1360 1040 8‚4,31

1026 1046 1240 1089 explanatio
1258 1056 1389 1077 uocum
1409 1043 1603 1077 emendata
1621 1057 1665 1069 ==
1680 1041 1806 1084 ὀρθοὲ·

1070 1102 1157 1126 πεια
1183 1093 1311 1133 1,5‚39;
1349 1091 1442 1133 expl.
1477 1090 1671 1122 uerborum
1707 1088 1744 1129 (i.
1775 1100 1805 1120 e.

1069 1141 1153 1171 volle
1177 1140 1247 1170 und
1269 1138 1434 1169 deutlielze
1454 1134 1687 1176 Ausspraelee)
1716 1136 1805 1173 11,3,

1070 1187 1129 1224 333
1149 1184 1245 1226 expl.
1262 1183 1428 1214 inlustris
1444 1181 1561 1223 figura
1571 1181 1807 1222 9‚1,27;9‚2,-2

1026 1231 1195 1273 exposita
1213 1243 1257 1255 =
1281 1228 1453 1271 uulgaria
1478 1228 1633 1268 10,5,1l;
1669 1237 1699 1259 e⁴
1723 1227 1810 1257 scri-

1071 1279 1152 1318 ptor
1175 1276 1197 1307 i.
1225 1286 1255 1307 e.
1281 1274 1461 1306 dilucidus
1486 1276 1522 1305 et
1551 1272 1674 1304 facilis
1698 1271 1809 1302 intel-

1071 1322 1169 1354 lectu
1187 1322 1300 1362 2,5,19

1027 1367 1208 1409 expositio
1226 1368 1335 1408 3‚9,7;
1355 1366 1488 1405 4,2,50;
1509 1364 1638 1404 7‚2,26;
1657 1364 1677 1396 8
1692 1363 1749 1396 Pr.
1771 1364 1808 1403 ’ῖς

1072 1413 1281 1445 sententiae
1300 1422 1388 1444 suae
1404 1413 1512 1451 9‚2,2;
1533 1421 1615 1451 exp.
1635 1410 1810 1441 continua

1074 1463 1111 1490 ct
1128 1460 1264 1501 partita
1284 1459 1439 1497 7,1‹')‚11;
1467 1456 1709 1498 expositionis
1729 1465 1810 1497 gra-

1073 1506 1128 1536 tia
1147 1505 1243 1536 unde
1263 1504 1612 1545 contingat11‚1‚53

1030 1561 1206 1593 expressa
1223 1550 1337 1582 uerba
1362 1549 1399 1590 (i.
1420 1559 1449 1583 e,
1471 1547 1736 1587 azzsrlrnelcsvnll,
1754 1557 1807 1587 ye-

1075 1595 1321 1637 (lcznlcenreiclz)
1339 1596 1476 1635 4,2,117

1032 1643 1273 1685 exquisitiora
1291 1642 1407 1673 uerba
1428 1642 1562 1680 11,1,33

1033 1689 1231 1731 exsanguis
1250 1691 1374 1719 orator
1393 1687 1551 1725 12‚10‚14

1032 1734 1237 1767 exsecratio
1256 1735 1384 1771 9‚1‚32;
1403 1734 1494 1771 9523

1032 1780 1236 1822 exspatiari
1254 1780 1386 1821 2‚10,5;
1405 1779 1500 1819 4,3‚4

1030 1832 1194 1868 eoespeeto
1215 1828 1250 1857 et
1267 1829 1414 1866 eoepeelo
1434 1825 1525 1864 1‚7‚4

1032 1882 1187 1905 exsucus
1206 1874 1328 1903 orator
1348 1871 1507 1909 12,10‚14

1031 1917 1220 1951 exsultans
1239 1920 1363 1949 orator
1381 1915 1475 1957 (opp.
1499 1912 1735 1956 compositus)
1758 1915 1810 1952 10,

1075 1966 1173 2004 2163
1195 1963 1352 2000 12,10,12

1033 2008 1295 2051 extemporalis
1314 2008 1411 2039 actio
1432 2007 1566 2047 io,7‚18
1581 2032 1588 2046 ,
1608 2006 1725 2037 oratio
1745 2006 1812 2045 7‚1‚

1077 2057 1137 2093 543
1159 2056 1291 2096 11,2‚3;
1313 2053 1474 2085 facultas
1494 2053 1649 2092 10,7,18‚
1668 2051 1813 2083 temeri-

1078 2105 1133 2133 tas
1154 2101 1284 2141 10‚6,6;
1307 2100 1354 2133 cf.
1375 2109 1404 2131 s.
1423 2109 1457 2129 n.
1476 2098 1598 2130 dicere

1033 2147 1249 2179 extenuatio
1267 2146 1400 2186 9‚1,‘27;
1419 2146 1511 2184 9‚2,3

1033 2196 1188 2225 externa
1212 2192 1327 2224 uerba
1353 2201 1399 2222 an
1433 2190 1562 2221 eadem
1588 2190 1731 2220 ratione
1752 2199 1816 2230 per

1079 2249 1188 2271 casus
1208 2238 1292 2270 duci
1320 2236 1519 2269 conueniat
1545 2246 1615 2277 qua
1639 2238 1766 2266 nostra
1787 2237 1814 2271 1,

1077 2284 1158 2326 5,.58

1035 2331 1263 2363 extrinsecus
1299 2328 1481 2360 adductae
1515 2327 1754 2369 probationes
1784 2326 1815 2366 7,

1034 2423 1062 2454 F
1082 2422 1208 2454 littera
1227 2422 1404 2461 12,10,‘.>9;
1436 2420 1463 2451 F
1494 2430 1558 2461 pro
1588 2418 1816 2460 aspiratione

1082 2468 1195 2507 1,4‚14

1036 2513 1197 2546 fabellae
1217 2512 1353 2554 Aesopi
1373 2513 1479 2552 1,9,2;
1500 2511 1635 2551 5,11,19

1036 2560 1158 2591 Fabia
1176 2557 1395 2590 Dolabellae
1415 2558 1529 2595 ss‚3‚73

1035 2605 1174 2637 Fabius
1193 2605 1306 2641 3,8‚19
1323 2607 1359 2635 et
1373 2604 1431 2643 373
1453 2603 1490 2635 F.
1508 2601 1711 2633 Cunctator
1725 2600 1815 2639 ·2‚17,

1083 2652 1142 2690 193
1160 2651 1296 2690 8,‘2‚11;
1318 2650 1472 2690 11‚2‚30;
1506 2646 1580 2688 (Q.)
1606 2647 1713 2678 Fabii
1739 2646 1816 2676 Ma-

1082 2697 1170 2728 ximi
1187 2695 1391 2736 triumphus
1411 2694 1527 2734 G‚3‚61

1035 2742 1206 2783 fabric-ari
1223 2741 1344 2772 actiue
1363 2741 1456 2781 9,3‚(·›

1026 2788 1231 2820 ‘Fabricius
1250 2787 1383 2827 7‚2,38;
1406 2785 1558 2825 12,1,43;
1579 2783 1715 2823 12‚2‚30

1038 2833 1167 2866 fabula
1180 2833 1288 2872 2432,
1310 2831 1459 2863 fabulae
1475 2828 1593 2861 aniles
1608 2828 1733 2868 1,8,19‚
1754 2837 1816 2858 nu-

1084 2878 1297 2910 tricularum
1311 2878 1415 2917 1,9‚2;
1436 2876 1461 2909 f.
1480 2875 1649 2917 poeticae
1661 2874 1817 2914 5‚11,17;

1084 2925 1110 2959 f.
1139 2933 1234 2964 quae
1267 2923 1311 2954 ad
1346 2931 1520 2953 scaenam
1553 2922 1819 2961 componuntur

1088 2971 1222 3010 11‚3‚73
