1955 3228
64 835 96 859 10

65 1171 97 1196 15

64 1509 98 1534 20

69 2188 101 2211 30

636 108 700 139 11.·
725 106 779 151 11,
801 105 914 138 3—7.
956 105 1011 151 1‘2,
1036 104 1169 137 1—11.
1643 92 1696 133 93

110 214 340 256 maledicus
370 226 446 267 pro
483 212 637 265 libero,
677 209 926 250 temerarius
957 223 1033 262 pro
1062 208 1183 261 forti,
1223 208 1377 248 effusus
1415 219 1490 260 pro
1530 204 1697 258 copioso

112 281 332 336 accipitur.
383 279 600 321 maledicit
627 280 767 319 autem
796 276 1033 317 ineruditus
1056 275 1242 329 apertius
1264 277 1305 315 et
1326 274 1493 328 saepius
1514 272 1581 313 uel
1604 285 1698 312 011111

111 349 299 404 periculo
331 347 516 402 suseepti
545 345 789 401 litigatoris,
819 344 1065 397 frequenter
1095 343 1224 383 etiam
1254 356 1341 383 suo.
1395 340 1532 381 adfert
1553 341 1595 380 et
1615 339 1738 380 ista5

112 432 178 458 res
209 416 465 471 opinionem,
497 414 595 469 quia
623 412 904 454 libentissime
925 410 1117 451 homines
1140 410 1317 450 audiunt
1347 423 1396 449 ea
1425 422 1530 462 quae
1562 407 1699 447 dicere

113 485 194 539 ipsi
232 484 496 527 noluissent„
541 481 644 522 illud
682 493 846 535 quoque
886 477 1085 531 alterum,
1134 477 1243 530 quod
1281 478 1344 517 est
1380 476 1427 516 in
1466 474 1699 515 elocutione

113 552 206 606 ipsa
251 551 502 606 perieulum,
541 549 682 590 minus
720 548 830 588 uitat
869 547 1128 598 conaturque
1169 544 1353 598 perdite,
1400 543 1512 583 unde
1557 541 1700 582 euenit

115 633 434 673 nonnumquam
479 619 527 659 ut
568 616 726 670 aliquid
771 613 933 670 grande
972 612 1165 653 inueniat
1211 611 1280 665 qui
1332 624 1497 664 semper
1536 609 1701 663 quaerit

115 687 224 741 quod
245 687 424 728 nimium
446 687 529 726 est:
560 698 707 725 uerum
736 682 778 723 id
810 683 852 722 et
881 695 977 722 raro
1008 679 1206 735 prouenit
1236 681 1278 719 et
1310 680 1449 719 cetera
1478 676 1584 717 uitia
1613 690 1700 717 non

114 756 280 808 pensat.

226 823 405 876 Propter
434 821 514 862 1100
535 833 697 875 quoque
719 817 931 859 interdum
951 816 1150 858 uidentur
1170 814 1329 855 indocti
1362 814 1524 867 copiam
1545 811 1700 853 habere
1714 813 1739 855 6

114 890 328 943 maiorem,
361 888 469 943 quod
502 888 649 928 dieunt
679 886 834 940 omnia,
866 885 999 926 doctis
1032 885 1097 923 est
1127 885 1169 923 et
1200 882 1348 923 electio
1371 883 1413 921 et
1433 881 1594 921 modus.
1634 879 1700 920 his

115 956 291 1010 accedit,
324 956 434 1010 quod
465 970 489 995 a
522 970 621 996 eura
652 953 829 995 docendi
860 952 970 1007 quod
1000 950 1266 992 intenderint
1296 949 1512 989 recedunt.
1558 949 1700 1002 itaque

115 1023 218 1064 illud
249 1024 545 1078 quaestionum
576 1025 618 1063 et
649 1022 995 1076 argumentorum
1026 1018 1138 1072 apud
1171 1018 1368 1070 corrupta
1390 1016 1544 1057 iudicia
1564 1015 1700 1069 frigus

116 1091 280 1132 euitant
310 1091 500 1145 nihilque
531 1090 658 1143 aliud,
692 1103 815 1143 quam
848 1087 957 1142 quod
988 1086 1056 1127 uel
1086 1086 1229 1140 prauis
1260 1084 1549 1138 uoluptatibus
1581 1097 1701 1123 aures

116 1159 413 1199 adsistentium
434 1158 709 1212 permulceat,
733 1156 956 1210 quaerunt.
999 1153 1236 1195 sententiae
1258 1166 1421 1206 quoque
1442 1151 1569 1205 ipsae,
1601 1165 1702 1204 quas
1717 1155 1739 1195 7

115 1226 224 1267 solas
255 1228 428 1280 petunt,
469 1225 607 1279 magis
639 1224 849 1274 eminent,
890 1238 984 1263 eum
1015 1221 1158 1262 onmia
1190 1220 1303 1261 eirea
1333 1219 1427 1259 illas
1464 1218 1630 1259 sordida
1661 1219 1703 1257 et

116 1294 280 1335 abiecta
318 1296 437 1346 sunt,
485 1295 532 1333 ut
571 1293 733 1332 lumina
770 1306 857 1332 non
896 1291 1038 1331 inter
1076 1290 1303 1341 umbras,
1353 1286 1703 1341 quemadmodum

117 1362 262 1404 Cicero
294 1361 408 1414 dieit,
442 1361 513 1401 sed
544 1361 672 1415 plane
694 1359 737 1400 in
759 1359 946 1400 tenebris
971 1357 1149 1398 elariora
1171 1359 1282 1397 sunt.
1327 1355 1468 1409 itaque
1490 1353 1702 1407 ingeniosi

115 1431 332 1484 nocentur,
362 1431 410 1469 ut
439 1429 562 1481 libet,
602 1428 700 1468 (111111
737 1430 882 1468 tamen
922 1427 1088 1466 constet
1120 1422 1419 1465 contumeliose
1449 1422 1510 1462 sie
1540 1421 1703 1461 laudari

117 1498 333 1538 disertum.
385 1496 520 1537 nihilo
551 1496 690 1536 minus
723 1494 1009 1536 confitendum
1047 1494 1111 1533 est
1142 1492 1266 1532 etiam
1301 1489 1520 1531 detrahere
1551 1489 1741 1534 doctri-S

116 1580 216 1606 nam
247 1564 418 1619 aliquid,
459 1566 506 1604 ut
535 1563 680 1604 limam
710 1562 884 1603 rudibus
916 1563 958 1602 et
989 1562 1100 1601 cotes
1131 1559 1354 1599 hebetibus
1386 1560 1427 1598 et
1456 1557 1556 1597 uino
1586 1558 1702 1597 uetu-

117 1635 285 1686 statem,
319 1632 391 1672 sed
421 1632 527 1672 uitia
557 1630 756 1684 detrahit,
791 1632 915 1684 atque
945 1643 992 1669 eo
1023 1629 1110 1669 solo
1141 1627 1279 1667 minus
1312 1628 1375 1667 est
1405 1625 1512 1680 quod
1535 1625 1702 1664 litterae

117 1700 420 1754 perpolierunt,
453 1714 534 1754 quo
565 1699 726 1739 melius.

230 1767 388 1809 Verum
409 1767 453 1807 hi
475 1766 823 1821 pronuntiatione
846 1779 1009 1819 qnoque
1030 1764 1187 1804 famam
1218 1762 1384 1803 dicendi
1405 1761 1556 1802 fortius
1578 1775 1701 1815 quae-
1717 1765 1741 1805 9

67 1852 88 1872 z>
117 1838 238 1877 runt:
276 1850 376 1875 nam
415 1837 457 1876 et
497 1836 684 1875 clamant
714 1834 868 1888 ubique
900 1836 941 1873 et
971 1833 1113 1873 onmia
1143 1831 1301 1883 leuata,
1340 1832 1388 1870 ut
1424 1830 1503 1883 ipsi
1534 1831 1702 1882 uocant,

119 1918 247 1944 manu
270 1903 506 1958 emugiunt,
530 1902 663 1943 multo
685 1902 888 1954 discursu,
921 1900 1125 1953 anhelitu,
1150 1898 1376 1939 iactatione
1399 1900 1557 1952 gestus,
1588 1899 1704 1936 motu

121 1971 270 2026 eapitis
302 1971 502 2011 furentes.
561 1971 646 2010 iam
687 1969 898 2010 eonlidere
936 1983 1107 2022 manus,
1144 1969 1282 2007 terrae
1319 1966 1468 2020 pedem
1499 1966 1772 2017 incutereAO

118 2040 269 2092 femur,
303 2041 464 2093 peetus,
497 2038 682 2079 frontem
713 2037 896 2089 caedere,
928 2037 1032 2076 mire
1054 2035 1105 2075 ad
1126 2034 1335 2088 pullatum
1358 2033 1556 2074 (τὴ-01111111]
1578 2032 1703 2072 faeit:
1723 2021 1741 2031 x

121 2122 214 2147 eum
235 2106 305 2147 ille
327 2106 525 2158 eruditus,
556 2108 604 2145 ut
634 2105 677 2145 in
709 2104 900 2145 oratione
931 2103 1064 2143 multa
1095 2102 1378 2155 summittere,
1410 2101 1590 2153 uariare,
1624 2099 1703 2139 dis—

119 2189 296 2228 ponere,
342 2174 403 2214 ita
442 2174 570 2214 etiam
611 2173 655 2213 in
692 2171 1009 2226 pronuntiando
1048 2185 1167 2210 suum
1208 2170 1355 2223 cuique
1393 2183 1555 2221 eorum,
1597 2181 1703 2221 quae

120 2243 251 2296 dicet,
292 2242 420 2283 eolori
452 2240 772 2282 adcommodare
804 2242 945 2280 aetum
977 2239 1101 2291 sciat,
1142 2240 1184 2278 et
1214 2237 1247 2277 si
1279 2237 1377 2290 quid
1409 2236 1463 2276 sit
1500 2237 1703 2289 perpetua

120 2310 414 2351 obseruatione
446 2310 643 2363 dignum,
683 2307 895 2347 modestus
934 2309 976 2347 et
1007 2320 1095 2346 esse
1127 2307 1168 2345 et
1199 2304 1332 2345 uideri
1371 2303 1502 2343 malit.
1562 2305 1605 2342 at
1643 2302 1701 2342 illi
1721 2304 1767 2346 11

215 2427 263 2457 17.
289 2425 332 2455 (10
360 2424 460 2456 Orat.
487 2426 519 2463 3,
544 2424 597 2462 26,
627 2425 700 2455 101.

210 2529 230 2558 4
257 2527 408 2557 audiunt
434 2526 481 2556 Bu
507 2536 597 2557 corr.
628 2527 696 2558 lm,
723 2535 768 2555 em
794 2524 944 2555 audient
1051 2524 1071 2554 S
1097 2524 1130 2554 id
1158 2522 1201 2553 A:
1230 2534 1289 2554 mm.
1316 2521 1340 2552 ’Β
1436 2519 1601 2561 prouenit
1626 2515 1699 2550 Ab:

122 2573 246 2603 euenit
270 2572 295 2602 B
391 2575 514 2602 cetera
538 2569 582 2603 A:
612 2574 712 2600 (terta
736 2571 790 2603 133
886 2571 925 2600 12
952 2569 1175 2599 intenderint
1200 2569 1242 2597 B:
1272 2566 1496 2596 intenderunt
1513 2564 1567 2594 Ab
1662 2566 1702 2593 ll

123 2618 216 2658 quod
241 2617 313 2649 Ab:
341 2627 410 2657 quo
436 2617 460 2646 Β
557 2618 596 2645 15
622 2614 869 2656 permulceant
886 2615 911 2644 B
1006 2616 1045 2643 15<
1072 2615 1105 2643 in
1133 2613 1294 2642 tem-bris
1311 2611 1385 2641 Ab:
1415 2612 1507 2640 inter
1533 2609 1702 2639 tenebras

120 2661 157 2694 B.
186 2664 275 2704 qnod
299 2668 393 2693 tuens
422 2661 568 2691 lim-man
595 2661 805 2700 (vntlltarunz’t
823 2660 906 2690 Gell.
938 2660 975 2689 N.
1008 2660 1045 2690 sl.
1063 2662 1092 2697 ΙΙ,
1115 2661 1129 2687 7
1157 2659 1250 2687 ints-r
1275 2657 1367 2685 diem
1464 2657 1502 2685 19
1529 2658 1703 2684 noventur

121 2708 173 2747 Bg
198 2719 287 2739 corr.
314 2718 331 2738 e
356 2710 543 2746 uocantur,
568 2706 596 2736 A
621 2716 749 2746 quoquc
775 2716 792 2735 e
819 2706 851 2735 z'n
876 2715 944 2735 ras.
973 2704 1069 2734 ltalwl
1174 2704 1210 2732 21
1240 2703 1357 2731 limam
1384 2701 1412 2730 A
1526 2703 1566 2729 ut
1591 2697 1643 2739 (et
1667 2702 1701 2739 a)

479 2768 497 2785 Π

122 2796 253 2828 uinoA
344 2798 386 2827 26
414 2795 688 2836 01111111-*ἰ11111Α,
717 2794 959 2834 emungiuntb
1054 2794 1073 2822 i.
1104 2795 1227 2830 gestus
1251 2790 1329 2821 AB:
1358 2790 1569 2827 motatione,
1596 2792 1702 2827 gestu

123 2844 199 2873 edd.
225 2847 303 2875 nell,
331 2847 365 2872 at
390 2843 436 2882 cf.
457 2844 508 2877 11,
529 2844 555 2873 Ι.
576 2843 617 2871 51
643 2839 840 2869 iactantior
865 2842 990 2879 gestus
1083 2839 1123 2868 27
1152 2838 1313 2866 furentes
1332 2836 1374 2867 B:
1401 2836 1612 2875 frequentes
1629 2835 1657 2864 A

123 2897 203 2917 nam
229 2888 258 2917 A
287 2890 354 2917 lm.
449 2889 490 2917 29
516 2886 658 2917 uariare
685 2884 876 2924 disponere
901 2893 961 2914 om.
988 2881 1029 2912 A*
1125 2883 1160 2913 :31
1192 2881 1302 2912 colori
1329 2880 1407 2910 AB:
1435 2880 1589 2910 colorem
1608 2880 1656 2909 ab

124 2932 172 2963 sit
196 2931 241 2962 A:
268 2943 326 2964 om.
354 2932 379 2962 B
473 2933 514 2962 32
542 2930 657 2961 mallit
683 2930 719 2969 Β,
746 2931 807 2959 sm!
830 2940 919 2958 eurr.
946 2929 977 2957 iu
1002 2928 1053 2965 Bg
