1939 3228
786 145 849 175 xr.
904 143 936 188 1,
960 142 1133 174 48—59.
1679 131 1763 174 263

162 253 291 295 moris
324 253 402 306 est,
434 249 678 292 intentione
709 247 825 289 omni
848 247 1025 289 remissa
1046 246 1273 304 loquetur?
1304 261 1385 302 quo
1406 246 1569 302 fugerit
1590 246 1763 288 interim
1776 246 1831 289 54

161 321 279 363 dolor
309 319 412 361 ille‘?
436 317 514 360 ubi
544 316 747 358 lacrimae
778 315 1080 358 substiterint?
1129 315 1242 357 unde
1284 330 1328 357 se
1364 315 1410 356 in
1447 315 1634 357 medium
1672 317 1762 356 tam

161 403 310 431 secura
341 386 583 430 obseruatio
606 385 761 426 artium
793 384 989 426 miserit?
1019 399 1107 426 non
1129 384 1183 426 ab
1215 383 1386 426 exordio
1417 398 1549 439 usque
1581 383 1633 424 ad
1665 383 1762 425 ulti-

160 473 274 499 mam
304 470 451 499 uocem
485 453 712 497 continuus
743 452 915 507 quidam
951 452 1136 507 gemitus
1169 454 1210 494 et
1240 453 1353 493 idem
1383 452 1586 493 tristitiae
1617 451 1760 493 uultus

120 545 135 571 5
160 525 423 579 seruabitur,
464 523 500 566 si
537 522 708 578 quidem
747 520 862 562 uolet
898 520 1084 562 dolorem
1122 535 1245 561 suum
1283 519 1412 561 etiam
1457 519 1503 560 in
1549 519 1761 561 audientis

159 592 495 636 transfundere?
526 605 650 646 quem
682 590 718 631 si
740 603 918 643 usquam
939 588 1163 642 remiserit,
1196 588 1242 629 in
1264 587 1454 629 animum
1475 587 1759 629 iudicantium

159 678 247 705 non
285 661 471 703 reducet.
533 658 643 714 quod
683 658 911 713 praecipue
958 656 1297 698 declamantibus
1344 655 1500 711 (neque
1539 657 1653 697 enim
1692 671 1759 697 me
1773 657 1828 699 55

159 731 351 786 paenitet
383 729 435 771 ad
464 729 545 770 1100
577 741 741 783 quoque
772 741 877 782 opus
908 740 1049 767 meum
1076 728 1118 767 et
1140 739 1285 766 curam
1307 727 1597 779 susceptorum
1632 724 1761 765 semel

161 797 495 840 adulescentium
525 795 754 851 respicere)
788 794 1111 837 custodiendum
1144 795 1220 847 est,
1255 808 1336 848 quo
1366 793 1508 848 plures
1540 792 1585 833 in
1617 792 1761 834 schola

109 888 141 912 10
159 868 384 922 finguntur
415 865 620 919 adfectus,
653 878 756 919 quos
788 877 875 905 non
906 865 952 904 ut
984 862 1192 915 aduocati,
1227 861 1300 902 sed
1332 864 1379 902 ut
1410 861 1525 916 passi
1547 861 1759 902 subimus:

160 950 255 977 cum
287 934 416 976 etiam
454 933 535 974 hoc
566 947 702 988 genus
734 931 925 972 simulari
963 931 1103 972 litium
1135 930 1289 984 soleat,
1332 944 1426 971 cum
1457 929 1521 970 ius
1553 929 1702 971 mortis
1735 930 1826 972 abss

159 1005 312 1046 senatu
343 1001 513 1057 quidam
545 1000 613 1042 uel
644 1000 697 1041 ob
730 1000 916 1054 aliquam
959 1013 1163 1054 magnam
1201 997 1501 1039 infelicitatem
1532 997 1598 1039 uel
1632 998 1762 1039 etiam

159 1071 471 1127 paenitentiam
502 1071 669 1124 petunt,
703 1068 748 1109 in
779 1067 933 1123 quibus
964 1082 1051 1108 non
1083 1066 1219 1108 solum
1240 1069 1443 1120 cantare,
1477 1066 1584 1121 quod
1609 1066 1762 1107 uitium

159 1139 360 1196 peruasit,
394 1140 469 1179 aut
499 1137 719 1191 lasciuire,
760 1136 832 1178 sed
863 1150 918 1177 110
951 1135 1245 1191 argumentari
1287 1135 1456 1190 quidem
1494 1135 1578 1176 nisi
1617 1135 1762 1176 mixtis

108 1227 140 1254 15
160 1211 201 1251 et
232 1207 402 1263 quidem
432 1206 513 1260 ita,
554 1207 601 1247 ut
637 1206 731 1260 ipsa
771 1204 1022 1259 probatione
1061 1203 1199 1258 magis·
1241 1204 1480 1258 emineant,
1522 1203 1761 1245 adfectibus

159 1277 292 1318 decet.
353 1290 453 1317 nam
485 1275 557 1330 qui
592 1273 879 1315 intermittere
911 1273 956 1313 in
988 1271 1156 1327 agendo
1188 1272 1374 1313 dolorem
1406 1274 1559 1327 potest,
1593 1272 1763 1313 uidetur

158 1360 280 1401 posse
313 1343 441 1386 etiam
474 1343 698 1397 deponere.

276 1412 433 1455 Nescio
463 1414 610 1453 tamen
642 1425 698 1451 an
730 1411 869 1465 huius,
904 1410 954 1451 (10
987 1424 1068 1464 quo
1100 1409 1333 1464 loquimur,
1377 1409 1538 1450 decoris
1572 1408 1762 1450 custodia
1776 1410 1829 1452 57

159 1482 341 1524 maxime
375 1481 487 1523 circa
519 1494 587 1521 eos
599 1513 610 1534 ,
646 1480 795 1523 contra
835 1493 937 1534 quos
977 1478 1153 1519 dicimus
1164 1511 1175 1532 ,
1217 1477 1500 1533 examinanda
1532 1477 1600 1518 sit.
1662 1492 1763 1518 nam

106 1571 140 1597 20
157 1551 251 1593 sine
283 1550 409 1592 dubio
441 1550 486 1590 in
518 1548 714 1589 omnibus
746 1547 891 1588 statim
934 1546 1287 1588 accusationibus
1316 1546 1395 1587 hoc
1436 1546 1650 1601 agendum
1683 1548 1759 1600 est,

159 1635 212 1661 ne
253 1619 305 1660 ad
345 1633 414 1660 eas
452 1617 638 1658 libenter
678 1615 945 1657 descendisse
995 1616 1228 1656 uideamur.
1290 1615 1467 1670 ideoque
1514 1614 1619 1655 mihi
1657 1615 1762 1656 illud

160 1687 277 1731 Cassi
301 1686 446 1730 Seueri
468 1700 556 1727 non
577 1684 848 1727 mediocriter
870 1683 1087 1738 displicet:
1121 1684 1170 1724 di
1202 1683 1348 1736 boni,
1382 1683 1525 1737 111110,
1561 1685 1631 1737 et,
1666 1698 1761 1738 quo

159 1771 233 1797 me
278 1755 458 1797 uiuere
497 1755 668 1807 iuuet,
709 1754 1065 1808 Asprenatem
1104 1766 1245 1792 reum
1285 1751 1452 1792 uideo.
1514 1766 1602 1792 non
1648 1751 1761 1792 enim

157 1825 270 1866 iusta
301 1839 351 1865 ex
384 1837 510 1865 causa
541 1822 608 1863 uel
639 1821 880 1863 necessaria
910 1820 1044 1861 uideri
1084 1822 1226 1874 potest
1255 1819 1493 1874 postulasse
1533 1834 1648 1873 011111,
1690 1819 1762 1860 sed

107 1911 140 1939 25
159 1893 341 1950 quadam
372 1891 601 1933 accusandi
633 1890 865 1944 uoluptate.
918 1891 1089 1943 praeter
1119 1888 1197 1930 hoc
1230 1890 1390 1941 tamen,
1424 1888 1534 1942 quod
1566 1890 1630 1929 cst
1652 1902 1761 1929 com-
1775 1891 1829 1933 58

157 1977 300 2015 mune,
332 1960 551 2017 propriam
582 1959 916 2000 moderationem
939 1957 1146 2013 quaedam
1178 1970 1329 1999 causae
1360 1956 1618 1997 desiderant.
1662 1971 1760 2011 qua-

158 2032 333 2086 propter
363 2031 405 2071 et
436 2028 506 2084 qui
531 2027 793 2069 curationem
823 2027 1033 2067 bonorum
1063 2026 1198 2081 patris
1230 2024 1476 2080 postulabit,
1512 2024 1651 2065 doleat
1673 2025 1761 2066 eius

158 2098 418 2152 ualetudine,
452 2099 493 2138 et
525 2096 758 2152 quamlibet
780 2095 931 2150 grauia
960 2094 1047 2135 filio
1070 2096 1193 2149 pater
1214 2094 1456 2135 obiecturus
1479 2093 1765 2134 miserrimam

158 2167 241 2210 sibi
285 2166 483 2208 ostendat
528 2180 617 2206 esse
663 2164 776 2205 hanc
820 2164 958 2217 ipsam
1003 2162 1328 2216 necessitatem,
1376 2176 1455 2203 nec
1490 2161 1570 2203 1100
1610 2162 1758 2216 paucis

108 2254 140 2280 30
158 2236 282 2277 modo
320 2234 462 2276 uerbis
474 2267 484 2287 ,
527 2233 599 2274 sed
637 2234 727 2273 toto
769 2232 908 2273 colore
949 2232 1152 2284 actionis,
1200 2233 1248 2271 ut
1287 2230 1329 2271 id
1369 2244 1463 2270 eum
1501 2245 1588 2271 non
1621 2230 1759 2271 dicere

158 2304 302 2357 modo7
351 2303 423 2343 sed
468 2302 596 2342 etiam
634 2314 733 2341 uere
773 2300 912 2341 dicere
953 2302 1170 2354 appareat.
1235 2312 1314 2339 nec
1355 2298 1550 2339 causanti
1598 2298 1829 2352 pupillo59

252 2455 268 2485 1
297 2452 391 2494 quod
418 2451 557 2493 fugerit
581 2452 615 2489 b,
642 2450 848 2492 profugerit
873 2451 909 2480 M
1002 2451 1021 2480 ²2
1047 2450 1084 2481 in
1111 2449 1231 2481 odium
1257 2450 1399 2481 coniecit
1427 2448 1544 2489 Zumpt
1653 2450 1672 2479 5
1699 2458 1760 2480 au-

160 2500 295 2532 dientis
320 2500 358 2530 b:
387 2497 580 2530 audientes
606 2496 674 2527 BM
779 2496 799 2527 6
825 2495 1027 2528 transferre
1053 2496 1088 2525 M
1182 2505 1286 2536 quem
1312 2494 1363 2534 Bg
1388 2504 1478 2525 corr.
1505 2504 1551 2525 ea:
1576 2503 1669 2535 quae

159 2555 328 2586 umquam
354 2545 374 2575 b
490 2544 508 2574 7
536 2541 630 2584 quod
654 2552 716 2576 om.
741 2542 761 2572 b
878 2542 898 2573 8
924 2542 1066 2583 penitet
1090 2541 1167 2580 BM,
1193 2541 1269 2571 item
1293 2541 1386 2580 infra
1412 2551 1443 2571 u.
1473 2541 1518 2571 13
1545 2539 1657 2580 penit.

160 2601 302 2632 semper
327 2591 347 2621 b
440 2590 460 2620 9
486 2587 580 2630 quod
608 2587 729 2628 plures
753 2588 775 2618 b
871 2588 911 2619 10
939 2586 1132 2618 aduocatis
1160 2589 1195 2618 et
1219 2587 1240 2616 b
1340 2588 1379 2616 ut
1404 2596 1465 2617 om.
1493 2585 1528 2615 M
1647 2586 1685 2615 11
1713 2585 1759 2616 si*-

159 2636 293 2668 mulari
318 2636 370 2676 Bg
394 2645 485 2668 corr.
512 2644 557 2665 ea:
582 2632 769 2665 simulacri
865 2642 944 2663 cum
971 2633 1026 2663 ius
1052 2633 1129 2665 edd.
1159 2636 1240 2664 nete.
1269 2631 1372 2662 cuius
1398 2631 1467 2661 BM
1494 2630 1551 2669 (cu
1568 2630 1623 2661 ius
1649 2627 1713 2670 Bn)

162 2684 202 2715 13
228 2692 299 2714 non
325 2681 438 2713 solum
464 2689 536 2710 non
563 2678 686 2720 Reyius
796 2679 838 2709 14
863 2678 1048 2720 persuasit
1073 2678 1142 2709 ΒΜ
1235 2680 1299 2708 aut
1324 2676 1497 2708 lasciuire
1525 2675 1589 2707 sed
1615 2676 1657 2706 B:
1686 2686 1758 2707 am-

159 2727 233 2760 111κί
257 2726 354 2759 uiros
381 2729 418 2758 et
443 2726 505 2756 Mb
600 2726 858 2766 argumentare
884 2724 936 2764 Bg
961 2725 1032 2755 Im.
1130 2723 1199 2754 nisi
1224 2723 1266 2754 B:
1294 2723 1331 2753 in
1356 2722 1419 2753 Mb
1512 2723 1646 2752 mixtus
1671 2722 1705 2751 M

160 2775 202 2805 15
226 2773 309 2814 ipsa
333 2773 412 2803 Mb:
440 2771 477 2802 in
502 2771 583 2813 ipsa
608 2771 633 2801 B
775 2770 815 2801 16
843 2770 880 2800 111
906 2768 1051 2810 agendo
1075 2769 1119 2799 B:
1152 2768 1318 2810 negendo
1344 2768 1383 2807 b,
1416 2767 1584 2809 negando
1610 2768 1645 2796 M

162 2820 202 2850 19
229 2828 291 2850 eus
316 2819 337 2850 b
431 2820 559 2849 contra
585 2816 661 2848 edd.
689 2819 768 2846 mett.
797 2816 897 2847 circa
921 2815 991 2846 BM
1083 2816 1123 2846 21
1152 2824 1220 2845 nec
1247 2813 1293 2845 ad
1318 2814 1382 2844 Mb
1477 2813 1518 2844 22
1545 2812 1580 2843 di
1604 2813 1648 2843 B:
1676 2813 1760 2844 siM

251 2864 293 2896 23
319 2865 552 2905 aspernatem
576 2862 615 2901 B,
643 2860 926 2903 adspernantem
952 2862 997 2897 M,
1024 2870 1083 2891 em.
1109 2861 1143 2891 in
1168 2860 1221 2891 ed.
1254 2859 1340 2891 Ven.
1367 2860 1459 2890 1493
1566 2859 1608 2889 ‘24
1634 2858 1759 2890 uidere

159 2910 210 2940 Bn
236 2914 267 2941 et
294 2910 365 2942 Im.
391 2909 444 2949 Bg
536 2909 577 2939 ‘27
604 2907 807 2950 postulauit
831 2907 896 2937 Mb
988 2907 1031 2938 ⁴28
1056 2904 1263 2937 ualitudine
1289 2905 1325 2943 B,
1352 2903 1602 2936 ualetudinem
1628 2904 1666 2944 b,
1694 2914 1757 2935 ua-

158 2954 352 2986 litudinem
377 2956 412 2985 M
506 2953 706 2985 obiecturis
730 2953 783 2992 Bg
809 2954 881 2984 Im.
978 2953 1019 2984 31
1048 2951 1217 2983 causanti
1242 2951 1294 2991 Bg
1319 2961 1410 2983 corr.
1437 2961 1482 2982 επ
1507 2950 1666 2990 causati,
1695 2960 1757 2982 au-

161 3000 258 3032 santi
282 3001 318 3030 M
410 2998 559 3042 pupullo
585 2999 634 3029 Bn
