1939 3180
221 117 304 164 306
745 129 1038 173 Qeiu'mfflAm
1071 132 1190 166 msr.
1225 132 1298 166 on.

126 240 206 281 139
224 238 311 290 est,
360 250 489 290 supra
532 234 841 277 centurionum.
915 238 962 277 ut
1002 251 1214 292 purpurae
1255 239 1368 280 reete
1410 236 1672 280 descendant
1713 234 1818 278 leuis

222 319 321 346 eura
353 306 430 357 est,
464 305 638 345 notatur
669 303 841 345 interim
872 304 1163 359 neglegentia.
1214 306 1346 347 latum
1377 305 1628 347 habentium
1651 305 1818 346 clauum

220 372 368 413 modus
399 374 484 426 est,
518 373 566 412 ut
596 372 652 413 sit
682 372 854 426 paulum
886 372 1037 413 cinctis
1069 373 1344 414 summissior.
1406 374 1544 427 ipsam
1575 375 1722 428 togam
1754 388 1818 413 ro-

219 440 397 481 tundam
438 454 527 481 esse
567 443 609 481 et
649 442 747 494 apte
788 445 953 481 caesam
993 440 1141 494 uelim,
1177 441 1308 482 aliter
1348 441 1462 482 enim
1500 441 1645 482 multis
1684 441 1818 482 modis

219 508 294 549 fiet
325 508 523 549 enormis.
585 523 685 563 pars
717 509 805 549 eius
837 508 953 562 prior
983 506 1527 566 inediisvcruribus'optime
1549 509 1816 563 terminatur,
1838 520 1853 545 5

124 580 204 620 140
221 576 429 630 posterior
461 576 609 617 eadem
640 576 836 630 portione
869 576 996 617 altius
1027 591 1109 630 qua
1151 577 1356 618 cinctura.
1426 577 1543 617 sinus
1575 576 1819 618 decentissi-

220 660 335 698 mus,
378 644 412 685 si
446 643 585 698 aliquo
618 659 744 698 supra
774 645 904 685 imam
943 644 1134 705 tunicam
1166 645 1315 698 fuerit,
1356 659 1587 699 numquam
1620 646 1733 686 certe
1764 645 1820 685 sit

218 713 408 754 inferior.
469 711 561 766 ille,
603 712 675 767 qui
706 712 783 753 sub
815 727 958 753 umero
990 712 1138 754 dextro
1170 713 1221 753 ad
1244 713 1475 769 *sinistrum
1507 713 1675 767 oblique
1707 713 1818 753 duci-

218 783 289 821 tur
320 781 437 822 uelut
467 780 656 835 balteus,
697 794 776 821 nec
817 781 1060 836 strangulet
1091 795 1170 821 1100
1201 780 1320 822 fluat.
1390 796 1487 835 pars
1508 783 1672 835 togae,
1713 795 1818 835 quae

212 851 369 903 postea
398 848 644 903 inponitur,
687 848 743 889 sit
774 848 972 890 inferior:
1011 863 1110 889 nam
1147 848 1207 889 ita
1246 850 1288 889 et
1319 849 1437 889 sedet
1469 848 1617 889 melius
1650 851 1692 889 et
1724 863 1818 890 0011-
1840 861 1870 886 10

219 917 395 958 tinetur.
458 916 732 958 subducenda
764 917 893 957 etiam
923 931 1023 971 pars
1054 915 1197 971 aliqua
1228 917 1413 971 tunicae,
1447 931 1500 957 ne
1532 917 1584 957 ad
1614 916 1819 958 lacertum

218 986 263 1027 in
304 987 404 1026 actu
443 985 611 1026 redeat:
652 990 743 1026 tum
782 985 901 1026 sinus
940 984 1180 1026 iniciendus
1220 999 1385 1037 umero,
1430 984 1546 1025 cuius
1585 987 1818 1036 extremam

121 1057 198 1098 141
217 1068 335 1095 oram
365 1053 561 1095 reiecisse
592 1068 679 1094 non
712 1053 896 1094 dedecet.
930 1053 1092 1107 ,operiri
1115 1056 1256 1093 autem
1288 1067 1477 1093 umerum
1512 1067 1605 1093 cum
1637 1055 1726 1093 toto
1758 1052 1818 1093 iu-

217 1122 317 1178 gulo
349 1136 437 1164 non
468 1124 657 1176 oportet,
700 1121 857 1175 alioqui
897 1122 1077 1162 amictus
1117 1121 1190 1161 fiet
1221 1122 1430 1175 angustus
1470 1123 1512 1161 et
1543 1120 1814 1175 dignitatem,

217 1205 324 1245 quae
358 1192 422 1231 est
452 1190 498 1231 in
529 1189 757 1230 latitudine
788 1189 995 1244 pectoris,
1037 1189 1199 1244 perdet.
1262 1189 1483 1229 sinistrum
1514 1188 1738 1229 brachium
1769 1201 1868 1229 0015

217 1274 348 1313 usque
380 1258 665 1299 adleuanduin
698 1260 776 1310 est,
809 1260 856 1298 ut
887 1258 1008 1312 quasi
1041 1257 1276 1298 normalem
1299 1257 1418 1297 1110111
1441 1257 1646 1311 angulum
1669 1256 1814 1310 faeiat,

122 1330 201 1371 142
220 1341 346 1382 super
386 1326 496 1381 quod
534 1341 607 1367 ora
647 1341 696 1367 ex
735 1328 837 1380 toga
876 1326 1030 1380 duplex
1063 1325 1295 1379 aequaliter
1327 1325 1483 1366 sedeat.
1546 1340 1697 1365 manus
1729 1313 1821 1365 non

217 1395 446 1450 impleatur
478 1395 632 1448 anulis,
667 1395 894 1448 praecipue
926 1394 1087 1434 medios
1119 1393 1320 1434 articulos
1352 1408 1438 1433 non
1471 1393 1814 1434 transeuntibus:

218 1463 334 1505 00105
367 1463 448 1504 erit
478 1462 650 1504 habitus
682 1462 867 1517 optimus
900 1461 1095 1503 adleuato
1135 1461 1285 1515 pollice
1319 1464 1360 1502 et
1392 1460 1538 1515 digitis
1570 1461 1722 1502 leuiter
1753 1460 1815 1500 in-

216 1531 351 1586 flexis,
385 1531 468 1572 nisi
500 1531 533 1572 si
566 1530 759 1571 libellum
790 1530 968 1572 tenebit.
1032 1529 1142 1584 quod
1173 1545 1258 1570 non
1284 1530 1426 1584 utique
1450 1529 1708 1583 captandum
1731 1531 1814 1569 est:
1835 1542 1867 1566 ⁴20

215 1600 384 1642 uidetur
416 1599 529 1641 enim
560 1598 687 1640 fateri
719 1599 947 1639 memoriae
979 1598 1263 1638 diffidentiam
1303 1600 1344 1638 et
1384 1597 1436 1638 ad
1475 1597 1630 1638 multos
1669 1599 1815 1652 gestus

122 1672 198 1714 143
216 1671 280 1709 est
310 1668 613 1723 inpedimento.
681 1669 827 1721 togam
860 1669 1023 1707 ueteres
1056 1667 1107 1707 ad
1151 1666 1314 1707 calceos
1354 1652 1483 1719 usque
1515 1664 1812 1717 demittebant,

216 1739 264 1777 ut
296 1736 448 1778 Graeci
480 1735 676 1791 pallium:
709 1735 834 1789 idque
866 1737 913 1775 ut
945 1735 1032 1788 fiat,
1066 1734 1136 1789 qui
1169 1734 1218 1774 de
1250 1735 1373 1788 gestu
1406 1733 1670 1787 scripserunt
1702 1732 1814 1773 circa

216 1807 408 1859 tempora
439 1804 526 1858 illa,
560 1803 724 1844 Plotius
746 1802 1029 1857 Nigidiusque
1060 1802 1343 1856 praecipiunt.
1405 1816 1485 1855 quo
1517 1801 1655 1855 magis
1687 1800 1816 1840 miror

216 1872 331 1914 Plini
363 1872 547 1914 Secundi
580 1871 691 1913 docti
724 1871 906 1911 hominis
939 1873 981 1911 et
1012 1871 1055 1911 in
1088 1870 1166 1911 1100
1199 1870 1343 1924 utique
1377 1869 1484 1909 libro
1515 1883 1651 1923 paene
1685 1868 1813 1908 etiam
1834 1882 1866 1906 27>

217 1940 398 1981 nimium
432 1939 586 1981 curiosi
616 1939 957 1994 persuasionem,
999 1940 1068 1993 qui
1110 1938 1281 1979 solitum
1321 1937 1363 1978 id
1393 1938 1534 1977 facere
1567 1936 1814 1978 Ciceronem

218 2008 495 2049 uelandorum
529 2007 719 2049 uaricum
751 2007 892 2061 gratia
932 2007 1082 2059 tradit,
1125 2021 1219 2046 00111
1258 2005 1338 2045 hoc
1378 2005 1556 2045 amictus
1596 2018 1731 2059 genus
1769 2004 1813 2044 in

219 2077 371 2117 statuis
412 2090 557 2117 eorum
596 2090 781 2130 quoque,
823 2075 893 2129 qui
934 2077 1029 2129 post
1069 2074 1316 2116 Ciceronem
1356 2074 1550 2126 fuerunt,
1593 2074 1811 2126 appareat.

125 2149 202 2190 144
219 2144 437 2199 palliolum
478 2145 589 2185 sicut
626 2143 805 2196 fascias,
846 2143 998 2197 (1011105
1038 2157 1158 2183 crura
1200 2141 1461 2194 uestiuntur,
1504 2142 1545 2180 et
1584 2139 1738 2180 focalia
1772 2142 1813 2179 et

218 2213 383 2253 aurium
414 2212 650 2267 ligamenta
682 2211 769 2252 sola
802 2226 1002 2252 excusare
1033 2212 1174 2264 potest
1206 2209 1416 2249 ualetudo.
1832 2224 1864 2247 30

331 2281 411 2322 sed
452 2280 557 2321 haec
598 2280 778 2320 amictus
818 2279 1080 2332 obseruatio,
1123 2277 1222 2317 dum
1260 2276 1507 2330 incipimus:
1556 2276 1811 2330 procedente

221 2364 317 2390 uero
350 2351 461 2402 actu,
496 2349 579 2389 iam
612 2363 749 2402 paene
781 2347 833 2388 ab
865 2347 989 2387 initio
1013 2345 1285 2397 narrationis,
1319 2345 1435 2385 511105
1458 2345 1510 2385 ab
1534 2358 1675 2384 umero
1697 2345 1811 2383 recte

312 2478 326 2507 1
356 2474 426 2517 est}
455 2479 491 2507 et
516 2477 550 2505 M
646 2485 801 2516 purpure
827 2474 866 2513 B,
894 2484 1006 2515 purpe
1033 2475 1080 2513 M,
1109 2467 1267 2514 purpura
1293 2474 1344 2503 ml.
1372 2473 1487 2512 sarug).
1512 2473 1556 2511 (γ’.
1576 2473 1608 2511 8,
1626 2474 1657 2510 5,
1676 2474 1718 2501 ’.ἰδ’

220 2522 420 2554 descendat
444 2523 464 2551 b
559 2524 576 2551 2
602 2520 875 2561 neglegentiam
902 2520 1015 2550 latam
1041 2521 1060 2549 b
1155 2522 1174 2550 3
1200 2518 1353 2549 similior
1378 2518 1413 2547 M
1507 2516 1697 2547 rutundam
1723 2517 1748 2546 Β

218 2569 238 2599 4
265 2572 387 2609 aptam
414 2568 449 2596 Μ
543 2568 562 2597 5
589 2566 649 2597 fiet
675 2578 735 2597 om.
762 2567 782 2596 b
879 2565 987 2596 medis
1013 2565 1034 2594 b
1150 2565 1169 2593 ‹¹›
1197 2563 1396 2605 posteriore
1423 2563 1443 2592 b
1537 2572 1607 2602 qua
1633 2562 1674 2591 B:
1703 2570 1808 2602 quam

218 2614 282 2644 Mb
377 2614 393 2644 7
421 2612 544 2652 aliquo
570 2612 613 2642 B:
643 2610 842 2651 aliquando
870 2612 915 2650 Μ,
944 2610 1132 2650 aliquanto
1159 2618 1178 2643 ς
1288 2608 1383 2639 ultra
1407 2609 1427 2638 b
1523 2606 1680 2638 tunicam
1708 2607 1807 2646 ‚spal-

219 2660 317 2698 dinfs:
345 2662 467 2697 togam
494 2657 572 2688 libri
668 2658 706 2686 io
735 2657 785 2686 ita
813 2659 867 2687 est
893 2655 954 2687 sed
982 2660 1020 2685 ut
1045 2655 1173 2685 11101105
1200 2657 1230 2684 01
1261 2655 1490 2685 continenter
1508 2654 1528 2682 b
1626 2654 1663 2682 12
1691 2655 1807 2681 extro-

220 2715 313 2734 mum
339 2704 390 2742 Bg
418 2705 434 2733 l
454 2714 492 2734 m.
592 2703 629 2733 ll
657 2701 768 2742 aliqui
794 2701 863 2731 BM
965 2702 999 2731 15
1026 2700 1224 2741 pciditBM
1320 2698 1596 2729 111“;1ι·011111111Β11
1677 2697 1717 2728 16
1743 2707 1806 2726 an-

219 2749 341 2789 guium
369 2749 419 2778 M:
449 2747 619 2788 angelum
647 2747 672 2777 B
795 2748 830 2777 17
858 2746 949 2786 quod
976 2758 1034 2777 one.
1062 2747 1095 2775 M
1212 2755 1275 2776 ora
1303 2748 1357 2775 est
1385 2748 1468 2781 toga
1494 2744 1513 2772 b
1613 2740 1740 2771 scdeat
1763 2760 1807 2764 —

220 2795 417 2835 impleatur
442 2804 502 2825 om.
528 2795 548 2824 b
646 2794 683 2823 l‘.)
712 2792 853 2823 1011οΧ15
878 2792 930 2831 Bg
955 2802 1044 2821 corr:
1073 2802 1118 2821 ‹’.1.·
1145 2790 1275 2826 inlixis,
1304 2790 1404 2820 (lexis
1429 2789 1463 2818 M
1556 2789 1597 2818 20
1624 2787 1716 2816 51Βτ
1743 2798 1804 2817 om.

217 2841 278 2870 Mb
396 2840 435 2869 21
464 2839 558 2870 enim
585 2851 644 2869 om.
673 2839 707 2867 M
823 2838 865 2868 24
892 2836 1050 2878 plotinus
1074 2837 1118 2875 M,
1149 2836 1267 2876 potius
1292 2836 1312 2866 b
1428 2832 1654 2874 gidiniusque
1681 2832 1700 2861 b

218 2887 260 2916 25
287 2885 424 2915 omines
450 2885 475 2914 B
571 2884 662 2914 libro
689 2884 768 2915 Mb:
798 2882 899 2913 lobro
925 2882 984 2922 Bu,
1014 2881 1116 2912 labro
1142 2882 1194 2920 Bg
1287 2882 1327 2911 27
1355 2878 1588 2910 uelandorum
1615 2878 1652 2907 b:
1680 2877 1803 2908 uelau-

218 2930 360 2961 drorum
386 2930 454 2959 ΒΜ
549 2929 664 2960 credit
689 2930 776 2959 coni.
805 2928 972 2968 Spalding]
1066 2927 1101 2957 iu
1127 2938 1187 2959 (ml,
1216 2927 1235 2956 b
1351 2925 1393 2955 28
1419 2928 1500 2964 post
1525 2923 1605 2952 Mb:
1634 2925 1755 2962 potest
1779 2923 1804 2952 B

287 2978 328 3007 23‘.)
357 2977 392 3006 et
417 2976 510 3013 (ante
538 2972 621 3015 soc.)
649 2986 708 3007 om,
734 2975 753 3003 b
838 2974 876 3005 31
907 2972 1109 3013 incepimus
1136 2972 1181 3013 M,
1211 2970 1426 3012 incipiamus
1453 2970 1471 2999 b
1544 2970 1584 2999 32
1605 2968 1765 2999 nationis
1784 2969 1803 2998 b
