1939 3228
788 112 850 142 1v.
889 110 922 154 3,
949 109 1096 140 1-1-2.
1649 100 1728 141 207

153 211 421 266 probabitur:
453 203 704 253 difficillima
725 214 790 253 est
810 212 923 254 enim
945 212 1187 267 grauissimi
1210 212 1407 268 cuiusque
1428 212 1596 254 sceleris
1617 212 1732 254 fides.

152 279 255 320 item
284 279 375 320 fieri
405 293 492 320 non
530 279 740 321 inutiliter
777 282 938 334 potest,
982 283 1049 334 ut,
1093 281 1129 321 si
1168 281 1320 322 merita
1359 281 1404 322 in
1450 281 1771 322 aduersarium7

153 346 295 401 aliqua
326 347 580 401 exposueris,
612 347 657 387 in
689 347 906 401 ingratum
936 347 1165 402 inueharis,
1198 350 1283 402 aut,
1317 349 1351 389 si
1381 349 1629 390 uarietatem
1660 349 1735 390 cri-

152 415 314 455 minum
352 414 596 455 narratione
634 414 1011 469 demonstraueris,
1060 417 1266 469 quantum
1312 416 1363 457 ob
1410 431 1458 457 ea
1504 416 1736 470 perieulum

119 482 411 535 5intentetur,
452 482 663 523 ostendas.
724 497 870 523 ueruni
907 482 1011 524 haee
1049 483 1237 524 breufler
1266 484 1430 524 onnna:
1469 483 1592 525 iudex
1623 485 1774 526 enini&

154 549 300 590 ordine
332 549 474 591 audito
504 550 682 591 festinat
712 550 763 591 ad
801 550 1095 604 probationem
1135 553 1176 592 et
1214 565 1339 605 quam
1376 551 1559 605 primum
1599 554 1735 593 certus

155 632 244 658 esse
276 618 513 658 sententiae
546 618 673 672 eupit.
724 620 943 672 praeterea
974 618 1209 660 cauendum
1240 620 1304 659 est
1332 633 1386 660 ne
1416 618 1508 672 ipsa
1531 620 1736 674 expositio

154 687 371 739 uaneseat,
405 685 563 726 auersis
595 685 641 726 in
673 685 784 726 aliud
817 686 969 727 animis
1000 688 1043 727 et
1071 686 1192 727 inani
1222 700 1338 726 mora
1366 686 1575 741 fatigatis.

266 752 347 794 Sed
377 754 424 793 ut
453 766 540 793 non
570 767 734 807 semper
765 755 829 794 est
859 754 1097 795 necessaria
1117 755 1214 808 post
1235 753 1523 795 narrationem
1550 755 1624 795 illa
1644 757 1775 809 pro-9

103 833 135 856 10
156 820 304 870 cursio,
338 820 398 860 ita
429 820 673 874 frequenter
702 820 817 862 utilis
849 824 950 863 ante
971 822 1258 876 quaestionem
1281 822 1561 876 praeparatio,
1593 823 1737 878 utique

151 887 187 928 si
216 887 353 941 prima
383 887 521 941 speeie
551 888 689 928 minus
721 888 802 929 erit
830 888 1097 943 fauorabilis,
1139 890 1174 930 si
1211 889 1349 944 legem
1380 903 1573 944 asperam
1602 891 1736 932 tuebi-

151 969 245 995 mur
275 956 349 995 aut
378 955 602 1009 poenarias
633 956 820 997 actiones
858 956 1102 998 inferemus.
1162 958 1226 998 est
1263 957 1331 998 hie
1368 957 1484 998 loeus
1522 958 1639 999 uelut
1676 973 1735 1000 se-

151 1022 319 1077 quentis
351 1022 568 1063 exordium
600 1023 650 1063 ad
683 1023 994 1065 conciliandum
1024 1024 1346 1079 probationibus
1377 1025 1534 1067 nostris
1556 1026 1735 1068 iudicem

155 1088 473 1145 [nnffigandunn
515 1091 842 1149 conestandunq.
901 1092 1010 1147 quod
1048 1092 1220 1134 fibefius
1258 1092 1407 1134 huzem
1443 1093 1735 1136 uehfflnenffius

102 1170 133 1195 15
151 1157 241 1198 fieri
271 1160 424 1212 potest,
457 1158 555 1212 quia
585 1158 712 1200 iudici
741 1162 844 1200 nota
874 1160 959 1201 iam
990 1175 1116 1202 causa
1147 1163 1223 1202 est.
1275 1160 1341 1201 his
1370 1160 1502 1216 igitur
1532 1162 1649 1203 uelut
1674 1163 1734 1204 fo·
1754 1166 1803 1206 lO

150 1226 318 1279 mentis,
353 1226 388 1266 si
418 1226 518 1279 quid
549 1226 630 1267 erit
661 1241 870 1281 asperum,
909 1227 1263 1283 praemolliemus,
1303 1243 1385 1283 quo
1415 1229 1583 1270 facilius
1614 1245 1734 1272 aures

151 1293 336 1334 iudicum
378 1308 484 1348 quae
523 1296 620 1349 post
661 1294 816 1336 dicturi
854 1295 1008 1338 erimus
1047 1284 1299 1349 admittant,
1342 1310 1396 1336 ne
1436 1296 1501 1337 ius
1542 1300 1734 1339 nostrum

150 1361 336 1402 oderint:
374 1361 483 1402 nihil
514 1362 626 1402 enim
656 1363 782 1411 facile
812 1364 1089 1418 persuadetur
1118 1364 1278 1405 inuitis.
1337 1378 1419 1419 quo
1456 1364 1547 1406 1000
1585 1366 1733 1407 iudicis
1752 1372 1797 1410 11

150 1443 312 1483 quoque
343 1429 558 1470 noscenda
588 1432 742 1471 natura
774 1434 849 1485 est,
881 1432 961 1472 iuri
992 1433 1130 1487 magis
1162 1447 1217 1473 an
1249 1447 1380 1487 aequo
1410 1433 1465 1474 sit
1496 1433 1731 1488 adpositus:

99 1510 131 1535 20
149 1497 325 1550 proinde
357 1497 469 1537 enim
499 1497 636 1551 magis
668 1500 741 1539 aut
770 1499 1019 1547 minusfferit
1048 1500 1127 1541 1100
1156 1500 1454 1542 necessarium.

263 1564 458 1630 Ceteruni
494 1579 559 1605 res
599 1566 744 1606 eaden]
782 1570 824 1608 et
863 1569 959 1622 post
996 1568 1286 1622 quaesffionenn
1322 1569 1603 1623 peroraffionis
1639 1570 1731 1611 uice

149 1631 359 1687 fungitur.
411 1633 523 1674 hane
543 1636 709 1687 partem
729 1636 982 1687 παρέκβαειν
1004 1639 1161 1677 uocant
1183 1635 1349 1690 Graeci,
1382 1636 1524 1678 Latini
1556 1652 1731 1692 egres·
1750 1642 1799 1682 12

149 1713 256 1740 sum
286 1699 354 1740 uel
385 1714 502 1755 egre
515 1697 756 1743 sssonem.
808 1703 880 1743 sed
910 1702 989 1744 hae
1021 1706 1120 1745 sunt
1139 1704 1294 1759 plureS,
1328 1707 1375 1744 ut
1396 1704 1496 1758 dixi,
1530 1720 1635 1759 quae
1657 1721 1732 1760 per

147 1769 282 1808 totani
315 1782 482 1809 causan]
520 1769 660 1810 uarhxs
699 1769 860 1811 habent
897 1786 1115 1826 excursus,
1155 1775 1202 1813 ut
1239 1773 1329 1813 laus
1366 1772 1584 1814 honnrunn
1623 1774 1729 1815 1000-

62 1848 65 1849 ’
98 1848 129 1873 25
148 1849 342 1890 rumque,
388 1838 436 1877 ut
473 1837 700 1891 descriptio
745 1839 987 1894 regionum,
1034 1840 1239 1894 expositio
1285 1841 1546 1895 quarundam
1592 1856 1730 1883 rerum

1783 1981 1801 1991 x

239 1987 256 2016 1
283 1986 497 2026 probabitur
520 1986 594 2020 Ab:
622 1988 796 2029 probatur
811 1988 838 2019 B
856 1995 888 2020 ec
911 1989 1029 2021 Victor
1121 1989 1223 2031 fides]
1251 2001 1334 2032 quae
1359 1996 1543 2033 sequuntur
1566 1994 1598 2023 in
1616 1994 1645 2023 A
1663 1995 1730 2024 alia

147 2041 254 2068 manu,
279 2033 341 2062 sed
361 2032 438 2071 fere
463 2034 596 2073 aequali
617 2035 749 2074 scripta
773 2039 848 2065 sunt
963 2036 981 2066 2
1007 2036 1092 2066 item
1119 2037 1171 2067 ed.
1198 2037 1342 2067 Aldina:
1369 2037 1462 2068 idem
1487 2037 1564 2068 libri
1678 2041 1728 2069 uti

150 2075 179 2106 si
194 2075 231 2116 Β,
257 2079 297 2107 ut
321 2076 369 2107 sit
394 2077 426 2108 si
448 2078 469 2108 b
562 2080 583 2109 3
607 2078 766 2123 iuvaris
784 2080 813 2109 A
908 2081 1098 2111 ueritatem
1124 2081 1154 2111 A
1222 2082 1242 2112 4
1269 2081 1313 2112 ob
1342 2092 1384 2112 ea
1409 2082 1452 2112 B:
1479 2082 1522 2113 ob
1551 2093 1630 2113 eam
1655 2085 1683 2114 A

148 2122 167 2151 5
193 2121 364 2153 ostendas
388 2123 418 2153 A
441 2133 530 2154 corr.
557 2133 601 2154 ea:
627 2124 795 2156 ostendes
904 2126 922 2156 7
948 2126 1080 2166 positio
1106 2126 1130 2156 B
1244 2127 1263 2157 8
1291 2131 1492 2158 euanescat
1521 2128 1639 2161 Victor

149 2167 167 2196 9
193 2166 257 2197 sed
281 2166 306 2196 B
333 2171 363 2198 et
394 2167 530 2199 Victor:
557 2173 592 2199 et
617 2169 673 2200 Ab
744 2170 840 2201 sieut
870 2170 989 2202 Victor
1072 2173 1112 2202 10
1137 2172 1235 2202 itaA
1260 2173 1292 2202 in
1318 2183 1386 2203 ras.
1475 2175 1513 2204 11
1541 2174 1571 2204 si
1596 2174 1728 2205 0111.Ab

204 2212 355 2252 primam
383 2214 542 2254 speciem
567 2213 740 2245 inusserit
767 2214 975 2256 (incusserit
1000 2228 1039 2247 m.
1057 2218 1078 2247 3
1102 2218 1135 2247 in
1160 2217 1229 2257 Bg)
1253 2217 1279 2247 B
1372 2219 1402 2248 si
1427 2228 1487 2250 om.
1513 2217 1643 2249 A¹Bnb

150 2265 317 2297 asperam
342 2258 521 2289 tuebimur
555 2263 617 2289 aut
648 2270 679 2300 p.
714 2270 746 2291 a.
779 2260 978 2291 inferemus
1004 2262 1046 2292 B:
1085 2272 1251 2303 asperam
1285 2273 1327 2293 ac
1359 2266 1530 2304 penarias
1562 2265 1726 2296 actiones

149 2302 330 2332 tuebimur
346 2302 375 2332 A
450 2305 490 2334 12
517 2306 552 2334 et
578 2308 632 2335 est
650 2304 814 2346 Spaldiny
886 2308 926 2337 13
945 2307 1127 2337 exordium
1146 2307 1175 2338 A
1193 2313 1225 2338 et
1247 2308 1366 2339 Victor
1384 2308 1432 2349 (p.
1453 2310 1529 2345 428,
1550 2311 1606 2350 10.-
1627 2320 1726 2341 exor-

150 2345 198 2376 dii
212 2347 250 2386 13,
271 2346 419 2378 exordia
436 2345 458 2378 b
482 2354 515 2379 ut
539 2350 692 2385 videtum·
718 2350 854 2381 exordii
882 2356 991 2382 tuetur
1009 2352 1146 2394 Kayser
1163 2353 1196 2383 in
1214 2354 1301 2386 Ann.
1320 2354 1433 2393 philol.
1454 2355 1539 2385 1866
1560 2365 1596 2395 p.
1616 2356 1681 2386 541

150 2390 194 2420 ad
213 2402 272 2424 om.
298 2392 354 2423 Ab
438 2394 731 2434 14rmitigandum
752 2396 1006 2427 concitandum
1024 2398 1092 2437 Ab,
1120 2409 1181 2431 om.
1199 2398 1241 2436 133
1270 2398 1373 2430 uerba
1391 2400 1453 2430 iam
1470 2402 1542 2430 loeo
1560 2410 1651 2441 quem
1670 2400 1725 2431 ob—

150 2437 256 2467 tinent
278 2441 436 2478 suspeeta
466 2439 584 2470 Victor
609 2450 736 2481 quoque
761 2441 877 2479 habet,
909 2443 971 2473 sed
993 2445 1105 2474 melius
1129 2445 1195 2474 sic:
1226 2443 1286 2474 uel
1312 2444 1425 2485 mitig.
1453 2444 1510 2474 uel
1539 2445 1723 2475 concitan-

149 2479 240 2512 dum.
290 2482 385 2513 Bene
412 2482 685 2524 Capperonnier:
717 2486 818 2516 ‘llaec
840 2488 1044 2527 participia,
1078 2490 1141 2519 etsi
1169 2489 1283 2519 sensui
1312 2489 1391 2519 nz'lzil
1416 2494 1572 2527 noceant,
1605 2501 1724 2521 merum

145 2528 308 2566 ylossema
331 2529 478 2568 sapiunt,
504 2539 572 2559 cum
597 2539 708 2560 eornm
733 2532 782 2561 uis
806 2533 909 2562 omnis
933 2533 964 2563 in
988 2534 1095 2573 primo
1117 2535 1301 2574 participio
1328 2534 1593 2564 conciliandum
1618 2537 1722 2566 eonti-

147 2577 287 2607 neatzaem
317 2574 421 2604 z‘ndeae
445 2575 528 2605 enim
553 2576 764 2610 conciliatur,
797 2578 928 2617 quando
953 2581 1006 2609 uel
1029 2579 1198 2619 mitiyatur
1223 2581 1275 2609 nel
1298 2580 1516 2610 concitatnr’.
1656 2590 1724 2620 quo

147 2615 297 2648 liberius
324 2618 389 2649 hoc
416 2618 665 2650 uehementius
691 2621 739 2660 A3
765 2622 809 2660 cf.
835 2621 920 2653 Viet.
946 2633 980 2662 p.
1002 2624 1079 2662 2128,
1100 2627 1119 2654 5
1230 2626 1268 2654 15
1295 2629 1381 2654 nota
1408 2625 1480 2654 iam
1505 2634 1617 2655 causa
1641 2625 1666 2655 B
1693 2632 1724 2657 e!

153 2662 288 2693 Victor:
314 2663 383 2694 iam
413 2674 442 2697 0.
469 2668 553 2696 nota
578 2666 607 2695 A
700 2665 753 2696 his
779 2665 823 2696 B:
850 2666 906 2697 hic
932 2668 988 2698 Ab
1093 2670 1133 2699 16
1160 2678 1227 2708 quo
1253 2669 1298 2700 A:
1327 2668 1418 2709 quod
1443 2669 1469 2698 B
1576 2671 1615 2701 17
1642 2676 1725 2711 post

148 2706 279 2738 dicturi
303 2707 348 2738 B:
376 2710 619 2750 proposituri*
644 2710 672 2740 A
765 2711 819 2741 ius
846 2715 1003 2744 nostrum
1030 2713 1072 2743 B:
1101 2714 1231 2744 iustum
1257 2714 1331 2751 Ab3
1359 2714 1403 2753 ef.
1424 2716 1455 2753 4,
1475 2717 1505 2750 5,
1526 2716 1579 2745 21.
1603 2718 1629 2752 7,
1649 2719 1679 2755 5,
1702 2719 1722 2747 3

239 2754 279 2784 18
304 2753 383 2785 loco
408 2755 464 2785 Ab
490 2761 522 2786 el
552 2756 685 2787 Victor:
713 2755 790 2787 loco
816 2760 937 2788 tamen
962 2757 987 2788 Β
1111 2760 1150 2789 19
1176 2758 1243 2788 iuri
1270 2759 1386 2799 magis
1413 2762 1475 2789 aut
1500 2760 1615 2791 minus
1642 2762 1723 2800 (me-

149 2797 212 2827 diis
236 2799 378 2839 omissis)
403 2800 459 2830 Ab
577 2802 762 2842 appositus
787 2803 898 2833 eodeae
928 2802 1075 2835 Victoris
1100 2808 1183 2833 teste
1210 2803 1261 2833 Du
1287 2804 1369 2834 Rieu
1497 2805 1539 2836 20
1565 2808 1627 2836 aut
1652 2805 1719 2846 Bg:

149 2840 244 2873 haud
267 2843 316 2874 Bn
458 2846 497 2876 21
524 2846 642 2877 uicem
668 2847 696 2876 A
838 2848 879 2877 22
905 2857 1134 2880 ΠΛΡεΚΒΑΕΙΝ
1161 2848 1222 2888 Bg,
1249 2849 1462 2890 peregrasin
1487 2848 1565 2890 (sic)
1590 2851 1619 2881 A

149 2887 190 2918 23
227 2887 317 2920 haee
345 2890 373 2920 A
508 2892 552 2922 24
588 2890 746 2923 locorum
776 2893 821 2930 A;
858 2891 1089 2933 locorumque
1122 2895 1258 2933 firmant
1298 2894 1416 2926 Victor
1452 2899 1484 2926 et
1520 2906 1596 2930 exc,
1628 2896 1721 2931 Cass.

148 2943 181 2972 p.
201 2935 276 2970 502,
293 2936 337 2965 35

19 2725 24 2914 ——*-4„
16 2302 23 2715 -Μ
