1955 3228
792 137 852 167 iv.
896 134 925 179 1,
949 133 1098 164 5—18.
1672 120 1750 164 173

156 240 299 295 tellegi
332 240 480 295 possit,
514 238 691 280 stultum
723 242 815 279 erat
846 252 1031 291 monere,
1066 237 1148 278 nisi
1180 237 1313 278 fieret.
1367 236 1496 278 etiam
1526 235 1660 289 partis
1682 235 1752 275 ad-

157 322 302 348 uersae
333 309 538 361 patronus
570 307 689 347 dabit
719 306 888 346 exordio
920 305 1156 358 materiam,
1190 305 1361 346 interim
1394 319 1489 345 cum
1513 303 1684 356 honore,
1717 303 1751 343 si

159 375 443 429 eloquentiam
474 375 563 414 eius
595 376 636 414 et
666 374 851 427 gratiam
882 387 959 413 nos
991 373 1141 413 timere
1163 373 1378 427 fingendO,
1412 376 1459 412 ut
1480 385 1528 412 ea
1550 372 1748 424 suspecta

158 443 246 483 sint
266 442 408 494 iudici,
442 442 681 494 fecerimus,
716 441 886 481 interim
910 455 984 494 per
1006 440 1321 494 contumeliam,
1355 440 1427 481 sed
1449 440 1528 479 1100
1549 453 1751 493 perquam

125 522 139 545 5
159 525 274 563 raro,
322 512 369 549 ut
408 509 580 549 Asinius
620 523 695 562 pro
738 508 941 549 Urbiniae
981 507 1205 548 heredibus
1246 507 1477 548 Labienum
1522 506 1752 546 aduersarii

112 861 143 883 11)

115 1536 148 1560 20

117 1879 140 1897 ι’
169 1865 211 1903 et
240 1863 331 1903 fieri
364 1877 458 1902 cum
488 1861 611 1902 modo
643 1861 767 1901 debet
798 1863 840 1902 et
878 1864 942 1901 est
981 1863 1125 1901 tamen
1166 1861 1277 1914 parti
1315 1862 1483 1915 utrique
1521 1875 1755 1913 commune,
1785 1845 1803 1921 l

161 580 384 631 patronum
433 578 545 617 inter
594 578 846 631 argumenta
888 590 1039 616 causae
1084 575 1222 615 malae
1262 574 1414 628 posuit.
1481 576 1613 628 negat
1649 573 1821 630 1100012

160 645 374 698 prooemia
407 659 496 685 esse
528 644 749 685 Cornelius
781 644 941 695 Celsus,
980 644 1079 697 quia
1110 644 1198 683 sint
1227 644 1347 682 extra
1378 642 1509 682 litem.
1571 641 1643 682 sed
1674 655 1752 695 ego

162 727 256 753 eum
288 712 540 753 auctoritate
572 726 829 752 summorum
858 714 1072 752 oratorum
1094 711 1230 764 magis
1253 709 1396 763 ducor,
1429 711 1519 749 tum
1540 709 1753 764 pertinere

162 780 213 820 ad
246 794 415 820 causam
447 782 550 833 puto
583 772 785 834 quidquid
817 779 870 819 ad
901 778 1112 819 dicentem
1135 778 1333 832 pertinet,
1368 791 1461 817 011111
1483 777 1539 817 sit
1558 776 1754 817 naturale

162 850 208 887 ut
245 847 402 887 iudices
442 847 514 900 iis,
562 862 665 901 quos
708 847 909 887 libentius
948 846 1147 899 audiunt,
1190 845 1318 885 etiam
1357 844 1524 885 facilius
1565 844 1751 884 credant.

162 915 294 969 ipsius
327 917 468 955 autem
501 914 731 968 litigatoris
762 928 944 967 persona
983 913 1208 954 tractanda
1247 912 1363 953 uarie
1404 914 1486 952 est:
1526 926 1625 952 nam
1663 914 1821 953 tumlss

163 983 351 1037 dignitas
383 982 470 1021 eius
502 981 740 1035 adlegatur,
772 984 862 1021 tuni
896 981 1214 1022 commendatur
1244 980 1484 1020 infirmitas.
1546 994 1755 1020 nonnum-

163 1063 289 1104 quam
322 1049 536 1103 cont-ingit
567 1049 715 1089 relatio
746 1049 1007 1102 meritorum,
1042 1049 1091 1089 de
1122 1049 1273 1103 quibus
1305 1047 1583 1088 uerecundius
1615 1047 1755 1088 dicen-

163 1119 261 1158 dum
292 1117 373 1158 erit
403 1132 478 1157 sua
509 1131 635 1170 quam
667 1116 808 1156 aliena
839 1117 1045 1158 laudanti.
1106 1116 1285 1157 multum
1319 1116 1411 1170 agit
1441 1130 1584 1169 sexus,
1623 1118 1753 1169 aetas,

132 1198 145 1221 ἰ
166 1186 369 1238 condicio,
401 1187 448 1224 ut
478 1185 522 1224 in
553 1184 739 1237 feminis,
773 1184 959 1237 senibus,
995 1184 1167 1238 pupillis
1200 1184 1369 1237 liberos,
1402 1184 1615 1238 parentis,
1660 1197 1755 1224 eon-

163 1255 283 1308 iuges
324 1252 641 1306 adlegantibus:
690 1266 788 1291 nam
829 1252 918 1292 sola
954 1254 1116 1292 rectum
1156 1266 1319 1306 quoque
1358 1251 1538 1291 iudicem
1577 1250 1757 1291 inclinat
1774 1252 1824 1292 14

165 1321 393 1361 miseratio.
453 1320 720 1374 degustanda
750 1322 893 1360 tamen
926 1319 1029 1360 haec
1061 1320 1295 1373 prooemio,
1336 1333 1434 1360 nonv
1455 1318 1753 1359 consumenda.

166 1388 395 1429 aduersarii
433 1402 532 1428 uero
574 1401 754 1441 persona
794 1401 923 1441 prope
954 1387 1087 1427 isdem
1119 1387 1333 1439 omnibus,
1373 1387 1444 1427 sed
1483 1401 1504 1427 e
1545 1387 1756 1427 contrario
1851 1394 1887 1454 95

166 1456 303 1497 ductis
332 1456 565 1509 inpugnari
598 1454 732 1495 solet.'
769 1469 870 1495 nam
901 1457 944 1495 et
973 1457 1168 1508 potentes
1199 1455 1388 1508 sequitur
1417 1454 1581 1495 inuidia
1611 1456 1653 1494 et
1682 1454 1756 1495 hu-
1802 1452 1929 1512 3670

166 1523 286 1563 miles
318 1523 586 1576 abiectosque
619 1524 886 1576 contemptus
919 1524 961 1562 et
990 1525 1134 1575 turpes
1167 1536 1214 1562 ac
1236 1524 1438 1563 nocentes
1461 1522 1616 1576 odium,
1649 1536 1756 1575 quae
1871 1510 1878 1544 ¹

166 1592 249 1631 tria
288 1594 387 1631 sunt
425 1590 477 1630 ad
517 1590 762 1630 alienandos
808 1590 993 1630 iudicum
1040 1590 1203 1630 animos
1243 1590 1551 1643 potentissima.
1621 1603 1757 1643 neque
1775 1592 1825 1633 15

166 1659 272 1700 haee
293 1659 432 1700 dicere
454 1661 520 1699 sat
541 1661 617 1711 est,
648 1658 757 1712 quod
780 1658 902 1698 datur
924 1659 1053 1698 etiam
1075 1658 1300 1712 imperitis:
1333 1658 1532 1712 pleraque
1563 1657 1758 1711 augenda

168 1730 241 1768 aut
271 1726 514 1778 minuenda,
547 1728 593 1766 ut
625 1726 837 1779 expediet:
870 1725 948 1765 hoc
981 1727 1093 1765 enim
1125 1725 1304 1766 oratoris
1337 1728 1412 1778 est,
1444 1725 1517 1765 illa
1549 1739 1712 1766 causae.

280 1794 466 1835 Iudicem
490 1793 808 1834 conciliabimus
831 1793 953 1833 nobis
975 1808 1060 1833 non
1082 1796 1252 1834 tantum
1272 1793 1485 1833 laudando
1507 1807 1614 1846 euni,
1648 1793 1758 1847 quod
1776 1795 1825 1835 16
1845 1831 1887 1878 90
1901 1826 1916 1855 θ

169 1931 239 1971 sed
271 1931 305 1971 si
337 1930 503 1970 laudem
535 1931 623 1969 eius
656 1930 706 1969 ad
738 1929 969 1969 utilit-atem
1001 1943 1151 1969 causae
1189 1931 1361 1969 nostrae
1401 1928 1756 1981 coniunxerimus,
1813 1877 1831 1930 ὃ
1865 1899 1891 1939 >

169 2001 214 2038 ut
246 1998 490 2052 adlegemus
519 2011 594 2051 pro
626 1998 814 2037 honestis
847 1997 1101 2051 dignitatem
1132 1996 1194 2037 illi
1234 2011 1374 2050 suam,
1415 2010 1490 2050 pro
1530 1996 1795 2043 humilibusx

168 2066 396 2118 iustitiam,
437 2079 512 2119 pro
549 2064 791 2106 infelicibus
830 2065 1181 2118 misericordiam,
1222 2079 1297 2118 pro
1335 2065 1458 2104 laesis
1490 2064 1759 2104 seueritatem

170 2136 211 2173 et
242 2133 434 2173 similiter
468 2135 619 2174 cetera.
672 2147 807 2173 mores
839 2147 1023 2187 quoque,
1066 2133 1101 2173 si
1130 2133 1221 2173 fieri
1252 2135 1412 2186 potest,
1452 2132 1601 2172 iudicis
1633 2132 1825 2174 1101111117

119 2213 132 2235 3
169 2215 305 2242 nosse.
368 2215 467 2241 nam
498 2203 625 2254 prout
656 2201 808 2254 asperi,
849 2201 978 2254 lenes,
1018 2200 1205 2253 iucundi,
1246 2214 1410 2254 graues,
1451 2199 1562 2253 duri,
1594 2199 1757 2240 remissi

170 2272 314 2321 erunt,
356 2271 426 2308 aut
456 2269 673 2309 adsumere
703 2269 747 2308 in
788 2283 958 2309 causam
990 2270 1166 2309 naturas
1199 2282 1363 2321 eorum,
1402 2282 1483 2321 qua
1516 2269 1756 2321 conpetent,

171 2339 244 2376 aut
275 2336 484 2389 mitigare,
518 2350 600 2389 qua
622 2337 935 2390 repugnabunt,
969 2336 1194 2389 oportebit.
1239 2336 1395 2376 accidit
1424 2338 1565 2375 autem
1586 2336 1757 2375 interim
1776 2339 1825 2379 18

172 2405 248 2444 hoc
280 2417 456 2457 quoque,
490 2405 536 2442 ut
566 2406 639 2443 aut
669 2404 790 2444 nobis
822 2404 1019 2445 inimicus
1051 2407 1123 2444 aut
1154 2403 1407 2445 aduersariis
1430 2403 1485 2443 sit
1507 2403 1664 2443 amicus
1686 2403 1757 2456 qui

265 2509 280 2538 1
307 2507 377 2538 nisi
402 2519 463 2539 om.
490 2508 509 2536 b
627 2507 737 2538 etiam
761 2508 801 2547 A,
829 2513 862 2538 at
887 2509 972 2539 coni.
1000 2509 1140 2547 Hessius:
1167 2509 1302 2539 etenim
1328 2508 1353 2537 B
1469 2509 1488 2539 3
1515 2509 1550 2538 et
1575 2507 1620 2539 A:
1648 2505 1693 2537 ad
1718 2505 1755 2546 B,

173 2565 218 2584 ea·
244 2552 352 2593 adq.?
445 2554 464 2582 ἴ)
490 2552 631 2582 asinius
656 2552 728 2582 Ab:
756 2553 879 2584 asinus
898 2554 922 2583 B
1016 2554 1166 2584 urbinae
1185 2554 1241 2583 Ab
1268 2549 1270 2551 ’
1334 2554 1352 2582 (3
1381 2551 1474 2582 male
1492 2550 1521 2581 A
1613 2553 1632 2582 9
1659 2551 1756 2592 quie-

174 2598 257 2639 quid
281 2599 309 2628 A
405 2598 444 2627 lo
469 2596 525 2627 his
552 2597 580 2626 A
676 2600 711 2627 ll
741 2597 945 2638 litigatores
972 2599 1023 2637 Bg
1050 2601 1067 2629 1
1085 2610 1124 2631 m.
1233 2599 1272 2628 14
1298 2596 1447 2628 multum
1473 2597 1550 2637 agit
1574 2597 1618 2626 B:
1645 2595 1756 2627 multo

174 2644 289 2683 magis
314 2643 342 2673 A
369 2642 536 2683 (prosunt
562 2642 671 2672 etiam
698 2646 734 2673 et
759 2642 866 2674 liberi
893 2648 927 2674 et
952 2653 1059 2674 sexus
1085 2650 1145 2675 etc.
1176 2643 1280 2673 lulius
1311 2643 1430 2673 Victor
1452 2652 1488 2682 p.
1514 2643 1594 2681 422,
1615 2639 1651 2682 3)

177 2690 215 2719 15
240 2692 279 2719 ut
302 2688 377 2718 Ab:
404 2698 464 2718 om.
490 2687 515 2717 B
625 2690 796 2727 parentes
821 2688 877 2722 Ας
988 2689 1028 2719 16
1054 2699 1135 2718 nani
1161 2688 1190 2717 A
1214 2690 1246 2718 in
1272 2698 1341 2718 ras.
1453 2688 1491 2717 17
1516 2686 1553 2717 in
1579 2686 1758 2728 principio

177 2733 281 2764 Iulius
311 2733 430 2763 Victor
454 2744 487 2773 7).
508 2734 587 2771 422,
609 2734 626 2761 (i
725 2733 1008 2764 consummanda
1035 2733 1157 2772 Hegsz'us
1183 2731 1441 2771 (consumenda
1472 2732 1590 2763 Victor
1615 2734 1757 2774 quoque)

265 2779 306 2809 18
330 2777 469 2809 hisdem
494 2778 514 2807 b
618 2779 660 2808 ’21)
687 2781 913 2819 contemptus
936 2779 1007 2808 Ab:
1036 2778 1257 2818 contemptio
1280 2777 1305 2807 B
1420 2778 1462 2808 23
1488 2779 1552 2807 aut
1575 2778 1651 2808 edd.
1677 2782 1757 2808 velt.

175 2834 218 2854 ae
243 2824 303 2854 AB
398 2822 487 2853 illud
513 2824 590 2856 edd.
617 2828 697 2853 ηνίί.
791 2824 832 2854 24
858 2824 951 2864 quod
979 2824 1055 2853 lieri
1080 2823 1136 2852 LT
1243 2823 1285 2853 ,⁴26
1313 2822 1580 2853 eoniuxerimus
1606 2822 1657 2861 Bg
1683 2824 1755 2854 Im.

175 2868 442 2900 adiunxerimus
469 2869 550 2899 dell.
575 2870 677 2908 pam-l
767 2870 809 2899 27
835 2878 897 2908 pro
924 2868 1469 2898 humilibus—misericordiam
1496 2867 1525 2897 A
1549 2878 1610 2898 mn.
1637 2869 1654 2897 1
1671 2879 1710 2900 m.

175 2915 216 2945 :30
241 2913 320 2944 duri
346 2914 487 2944 remissi
513 2924 572 2943 0711.
605 2914 722 2944 lv'ictm·
838 2915 877 2944 31
906 2914 1042 2943 fuerint
1066 2913 1119 2943 ita
1145 2916 1208 2944 aut
1237 2912 1356 2944 Victor
1456 2922 1641 2944 assumere
1667 2913 1757 2953 ABg

266 2962 307 2991 :33
335 2959 556 2990 aduersariis
582 2959 655 2987 Ab:
685 2959 896 2990 aduersario
922 2958 947 2987 B
