1955 3228
97 833 130 857 10

98 1166 128 1191 15

97 1505 129 1531 20

97 1841 129 1866 25

767 110 796 139 1.
849 107 883 151 4,
918 108 1049 139 1—11.
1672 99 1726 140 23

146 216 312 268 menta,
352 228 439 254 non
478 213 575 267 quia
605 225 788 266 magnae
819 210 875 251 sit
913 225 1086 264 operae,
1129 214 1410 252 consonantes
1449 226 1473 252 a
1509 210 1726 252 uocalibus

148 282 385 323 discernere
410 280 612 334 ipsasque
643 293 713 320 eas
744 278 786 318 111
820 278 1134 318 semiuoealium
1172 293 1394 320 numerum
1432 280 1726 332 mutarumque

147 349 311 403 partiri,
345 348 416 388 sed
447 347 544 402 quia
574 346 777 387 interiora
807 345 925 386 uelut
955 346 1063 386 sacri
1084 345 1208 386 huius
1231 345 1483 387 adeuntibus
1506 346 1728 400 apparebit

147 416 280 457 multa
309 430 448 456 rerum
479 414 706 467 subtilitas,
739 427 845 467 quae
876 427 964 453 non
994 414 1116 453 modo
1148 427 1296 454 acuere
1326 413 1501 467 ingenia
1532 413 1725 467 puerilia,

147 484 218 525 sed
250 497 441 524 exercere
475 481 724 522 altissimam
754 494 918 534 quoque
950 480 1230 521 eruditionem
1261 495 1311 521 ac
1339 481 1559 521 scientiam
1580 480 1725 534 possit.

148 567 203 592 an
235 551 459 592 cuiuslibet
489 542 611 590 auris
650 551 714 589 est
751 548 920 601 exigere
956 547 1196 588 litterarum
1235 547 1391 588 sonos?
1435 562 1522 588 non
1558 546 1763 588 hercu1e7

146 619 284 673 magis
323 633 448 672 quam
487 631 734 658 neruorum:
775 617 818 655 at
855 614 1124 669 grammatici
1162 614 1312 655 saltem
1351 629 1496 655 omnes
1534 615 1580 655 in
1617 615 1728 655 lianc

148 686 405 727 descendent
435 699 573 726 rerum
603 684 876 725 tenuitatem:
909 681 1105 722 desintne
1137 681 1301 735 aliquae
1323 681 1444 722 nobis
1466 682 1728 723 necessariae

149 754 340 806 litterae,
380 768 465 793 11011
507 767 601 793 011111
639 765 794 806 graeca
832 749 1053 790 scribimus
1093 750 1203 804 (tum
1234 748 1348 789 enim
1379 749 1432 789 ab
1463 749 1595 790 isdem
1624 749 1728 789 duas

148 820 423 874 mutuamur),
453 820 526 860 sed
546 819 714 873 proprie
735 818 781 858 in
800 816 966 869 latinis,
999 818 1047 857 ut
1066 817 1112 856 in
1133 815 1199 856 his
1228 818 1239 835 ‘
1252 820 1421 856 seruus'
1454 819 1496 857 et
1528 816 1703 870 ‘uulgus
1716 823 1726 839 ²
1743 815 1766 856 8

147 888 350 929 aeolicum
380 888 623 942 digammon
655 885 930 938 desideratur,
963 886 1004 924 et
1033 883 1194 924 medius
1226 885 1289 924 est
1320 883 1488 937 quidam
1517 899 1544 924 u
1566 885 1608 924 et
1627 884 1641 923 i
1662 883 1729 924 lit-

146 958 262 996 terae
293 969 440 996 sonus:
471 968 558 995 non
590 954 703 994 enim
734 953 795 993 sic
827 951 1079 1006 ‘optimum'
1113 951 1290 991 dicimus
1322 953 1370 991 ut
1401 950 1646 1004 ‘opimum',
1688 953 1730 991 et

146 1028 185 1064 in
217 1022 362 1064 ‘here'
392 1036 528 1076 neque
559 1036 580 1062 e
610 1021 737 1075 plane
768 1034 905 1073 neque
932 1020 947 1059 i
978 1018 1167 1060 auditur:
1200 1033 1254 1059 an
1283 1032 1427 1058 rursus
1450 1018 1556 1058 aliae
1578 1018 1768 1059 redun-9

147 1091 249 1131 dent
280 1090 467 1145 (praeter
497 1088 615 1132 illam
645 1096 779 1129 nolam
812 1086 1133 1141 adspirationis,
1175 1100 1280 1139 quae
1317 1085 1352 1126 si
1381 1085 1619 1126 necessaria
1649 1088 1725 1139 est,

148 1158 275 1199 etiam
308 1157 565 1198 contrariam
603 1155 685 1196 sibi
723 1155 900 1210 poscit),
941 1157 988 1195 ut
1025 1155 1072 1207 k,
1114 1168 1220 1208 quae
1257 1155 1299 1194 et
1335 1153 1428 1207 ipsa
1466 1152 1727 1206 quorundam

146 1225 366 1266 nominum
396 1227 498 1266 nota
538 1226 621 1278 est,
664 1225 706 1265 et
744 1238 790 1277 q,
833 1222 949 1264 cuius
988 1221 1136 1262 similis
1175 1221 1327 1262 effectu
1364 1220 1607 1274 specieque,
1647 1220 1729 1260 nisi

147 1293 256 1347 quod
287 1292 459 1346 paulum
481 1307 505 1332 a
527 1291 684 1332 nostris
706 1290 963 1345 obliquatur,
998 1303 1132 1343 eoppa
1163 1289 1274 1342 apud
1296 1288 1479 1329 Graecos
1500 1301 1616 1328 nunc
1636 1289 1729 1327 tan-

146 1362 238 1401 tum
274 1361 318 1401 in
358 1374 533 1401 numero
571 1360 737 1411 manet,
779 1360 820 1398 et
859 1359 1100 1398 nostrarum
1130 1356 1302 1409 ultima,
1342 1370 1424 1410 qua
1461 1357 1549 1396 tam
1589 1369 1729 1395 carere

146 1428 372 1482 potuimus,
406 1441 530 1481 quam
561 1426 627 1480 psi
658 1440 745 1469 non
776 1425 1029 1479 quaerimus.
1082 1426 1208 1478 atque
1239 1424 1367 1464 etiam
1397 1424 1443 1463 in
1473 1422 1576 1476 ipsis
1607 1412 1797 1462 uoca-10

147 1496 257 1536 libus
288 1494 558 1550 grammatici
590 1497 654 1534 est
682 1493 840 1546 uidere,
881 1507 936 1532 an
968 1492 1129 1546 aliquas
1160 1506 1236 1545 pro
1269 1490 1599 1532 consonantibus
1630 1504 1728 1530 usus

148 1563 372 1617 acceperit,
406 1562 503 1616 quia
536 1561 663 1602 ‘iam’
696 1560 806 1601 sicut
837 1560 1016 1600 ‘etiam'
1049 1559 1248 1599 scribitur
1271 1560 1313 1598 et
1341 1561 1460 1598 ‘uos’
1492 1559 1539 1597 ut
1571 1559 1727 1598 ‘tuos'.

149 1634 192 1672 at
222 1645 329 1685 quae
359 1632 406 1670 ut
435 1629 602 1670 uocales
632 1629 869 1682 iunguntur
900 1629 974 1667 aut
1002 1641 1131 1667 unam
1161 1626 1335 1680 longam
1364 1625 1550 1677 faciunt,
1583 1626 1630 1664 ut
1660 1638 1727 1664 ue-

147 1703 258 1740 teres
289 1698 564 1751 scripserunt,
598 1697 667 1751 qui
699 1695 985 1750 geminatione
1017 1708 1160 1734 earum
1190 1693 1307 1734 uelut
1337 1693 1455 1747 apice
1486 1691 1727 1744 utebantur,

149 1769 222 1807 aut
260 1766 381 1819 duas,
420 1765 504 1806 nisi
544 1764 637 1818 quis
676 1765 799 1817 putat
836 1762 964 1803 etiam
1004 1776 1053 1802 ex
1091 1761 1227 1801 tribus
1266 1760 1484 1801 uocalibus
1523 1758 1727 1813 syllabam

147 1834 260 1887 fieri,
303 1833 338 1874 si
372 1847 458 1873 non
496 1831 660 1886 aliquae
696 1830 836 1871 officio
873 1828 1199 1870 consonantium
1232 1827 1484 1882 fungantur.
1551 1823 1791 1880 quaeretll

148 1901 228 1942 hoc
258 1901 398 1954 etiam,
432 1899 637 1954 quomodo
668 1898 829 1939 duabus
860 1897 1027 1938 demum
1047 1895 1263 1936 uocalibus
1286 1895 1332 1935 in
1353 1909 1396 1935 se
1416 1894 1531 1947 ipsas
1554 1893 1729 1934 coeundi

148 1971 303 2010 natura
332 1969 401 2021 sit,
435 1982 528 2008 cum
561 1965 889 2008 consonantium
919 1964 1037 2005 nulla
1066 1964 1150 2004 nisi
1181 1963 1359 2003 alteram
1379 1961 1569 2016 frangat.
1611 1960 1728 2014 atqui

1714 2040 1732 2050 x

239 2120 258 2150 3
283 2117 421 2149 sacrari
447 2116 570 2157 Regius
662 2116 681 2146 6
707 2115 805 2146 auris
829 2114 941 2145 ASb:
969 2113 1059 2144 artis
1085 2113 1158 2143 ΒΜ
1265 2112 1284 2142 7
1310 2114 1348 2142 at
1370 2111 1422 2140 M:
1449 2112 1512 2140 aut
1536 2108 1637 2139 ABS

147 2166 167 2196 8
182 2163 348 2194 desintne
365 2162 512 2203 aliquae
526 2161 555 2192 A
570 2162 588 2190 S
601 2161 638 2191 b:
666 2159 785 2191 desint
799 2159 992 2199 aliquaene
1008 2158 1076 2189 ΒΜ
1146 2159 1165 2189 9
1180 2166 1340 2198 graeca*
1353 2155 1382 2186 A
1466 2154 1576 2186 isdem
1590 2153 1619 2183 A
1688 2154 1726 2184 lO

150 2211 330 2240 mutamur
354 2207 396 2238 A¹
492 2207 529 2236 11
557 2205 739 2246 digamma
764 2204 930 2245 Spalding]
955 2214 1024 2235 eum
1049 2204 1101 2234 ed.
1131 2202 1245 2242 Camp,
1340 2203 1377 2231 et
1400 2200 1491 2230 BM:
1517 2202 1555 2229 ut
1579 2198 1675 2228 ASb

151 2255 191 2285 12
218 2253 390 2295 optimum
417 2252 449 2282 d.
476 2255 516 2282 ut
539 2251 697 2292 opimum
721 2250 795 2281 ΒΜ
820 2254 851 2281 et
876 2249 1018 2290 Regsz'us:
1051 2251 1235 2289 optumum
1262 2245 1294 2277 d.
1321 2248 1361 2276 ut
1387 2244 1465 2284 (aut
1489 2244 1524 2283 a]
1553 2243 1725 2284 optimum

149 2300 223 2339 Ab,
250 2298 423 2339 optimum
449 2297 480 2327 d.
507 2300 547 2327 ut
572 2296 744 2336 optimum
770 2297 807 2332 S,
842 2294 1016 2335 optimum
1042 2292 1078 2325 d.
1103 2296 1141 2323 ut
1167 2295 1231 2322 aut-
1257 2294 1440 2332 optumum
1467 2292 1528 2320 aut
1554 2287 1724 2329 optimum

150 2344 278 2375 Ritsem
301 2344 334 2373 in
360 2342 447 2373 Illas.
471 2341 565 2374 rhen.
587 2340 713 2377 XXII,
731 2351 766 2381 p.
787 2341 860 2375 607,
887 2339 1060 2380 optimum
1086 2337 1116 2370 d.
1143 2336 1203 2368 uel
1229 2340 1409 2378 optumum
1438 2334 1625 2365 Buecheler

152 2391 192 2420 13
217 2389 255 2419 in
280 2388 413 2419 addidit
437 2386 642 2421 Pltilan(ler,·
667 2385 711 2424 ef.
739 2384 867 2416 Bitsclzl
891 2386 913 2416 l.
937 2394 964 2418 e.
1074 2384 1114 2414 14
1138 2384 1259 2414 notam
1285 2392 1345 2413 om.
1373 2380 1458 2415 libri,
1484 2380 1516 2409 in
1542 2378 1617 2408 edd.
1645 2380 1725 2408 nell.

151 2434 299 2465 additum
325 2437 374 2463 est
398 2435 475 2472 post
501 2430 764 2471 adspirationis
860 2428 1096 2470 aspirationis
1121 2427 1150 2458 A
1241 2427 1273 2457 si
1297 2436 1359 2457 om.
1377 2426 1429 2464 Bg
1455 2426 1472 2454 1
1490 2434 1529 2454 m.
1625 2422 1663 2451 15
1689 2422 1726 2450 ut

151 2478 175 2509 k
202 2478 476 2519 Capperonnier:
504 2480 540 2507 et
565 2475 590 2505 k
613 2474 709 2509 mni,-
735 2475 778 2513 cf.
805 2474 934 2505 Ritu-fel
957 2476 976 2504 l.
1005 2484 1033 2505 e.
1059 2484 1094 2513 p.
1115 2473 1178 2502 609
1287 2472 1327 2501 16
1354 2473 1389 2500 et
1416 2479 1458 2509 ·q·
1483 2468 1511 2498 A
1536 2467 1567 2497 1'72
1592 2476 1660 2497 ras.
1690 2467 1726 2495 et

152 2524 325 2556 delendum
349 2521 506 2553 censebat
533 2521 650 2561 Zumpt
732 2519 866 2550 effectu
892 2519 1086 2559 specieque
1102 2518 1144 2548 B:
1173 2515 1322 2547 effectus
1349 2514 1559 2555 speciesque
1584 2510 1724 2541 AMSb

243 2569 282 2599 17
309 2566 494 2608 paululum
518 2566 553 2596 M
669 2574 787 2605 eoppa
812 2563 980 2595 Bokerlzts
1006 2568 1037 2594 et
1065 2563 1237 2594 Gallaezts:
1271 2570 1385 2600 eappa
1411 2558 1489 2588 libri
1604 2557 1642 2585 19
1668 2554 1725 2595 psi

153 2614 193 2644 P.
220 2613 393 2644 Pithoeus:
424 2611 455 2642 si
479 2611 559 2642 libri
670 2609 879 2649 quaerimus
903 2609 944 2639 B:
979 2608 1248 2648 quaesissemus
1271 2604 1427 2641 AMSb‚
1460 2602 1521 2632 sed
1544 2600 1573 2630 A
1599 2601 1629 2630 si
1655 2609 1725 2630 non

153 2659 421 2700 quaesissemus
446 2667 486 2688 m.
506 2658 526 2686 2
551 2656 583 2686 2¹72
608 2664 676 2685 ras.
805 2655 845 2684 21
877 2655 948 2684 iam
980 2663 1008 2686 s.
1042 2653 1153 2683 etiarn
1179 2660 1249 2681 ser.
1282 2652 1318 2679 et
1342 2657 1406 2678 uos
1431 2650 1470 2677 ut
1494 2649 1574 2676 tuos
1602 2644 1728 2675 Hitselzl

153 2703 190 2743 (l.
217 2714 245 2734 c.
270 2714 306 2744 p.
325 2703 425 2741 599):
450 2701 521 2732 iam
549 2700 643 2731 sieut
666 2703 741 2730 tam
766 2699 936 2730 scribitur
963 2702 998 2728 et
1024 2707 1110 2738 quos
1136 2699 1174 2726 ut
1200 2704 1261 2725 eos
1288 2692 1365 2732 (eos
1383 2694 1414 2729 S)
1441 2691 1540 2722 ABs
1566 2693 1598 2720 et
1622 2689 1724 2729 pleri-

153 2758 227 2790 que,
250 2749 312 2779 sed
337 2757 397 2778 cos
424 2748 457 2777 in
480 2747 532 2786 Bg
556 2756 594 2776 m.
612 2746 632 2775 2
657 2745 691 2775 in
715 2753 784 2775 ras.
817 2741 903 2785 (iam
929 2753 957 2773 s.
978 2744 1054 2774 'iam
1082 2744 1117 2771 et
1142 2750 1206 2770 uos
1231 2742 1269 2769 ut
1294 2739 1358 2768 iios
1384 2746 1503 2768 censor
1527 2735 1579 2766 ed.
1604 2734 1724 2774 Spalsl.

154 2797 186 2824 z'n
211 2793 310 2824 Noua
334 2791 410 2825 bibl.
434 2801 537 2832 ¹qerm.
565 2789 627 2825 LI,
646 2786 734 2829 533)
838 2789 880 2819 22
907 2790 985 2827 atq3
1012 2790 1050 2816 ut
1074 2785 1236 2821 ABMS,
1261 2784 1322 2814 sed
1345 2782 1374 2812 A
1399 2792 1437 2822 q;
1464 2783 1496 2811 in
1520 2790 1590 2810 ras.
1683 2779 1725 2808 ’2-1

155 2840 218 2869 aut
244 2838 333 2868 duas
359 2837 453 2868 libri:
478 2839 540 2867 aut
567 2833 827 2874 diphthongum
842 2832 911 2864 Ios.
928 2832 1096 2862 Stcoeuder
1121 2829 1279 2870 (qzmestt⁴
1307 2826 1415 2865 Quint.
1442 2826 1584 2857 Bonnae
1610 2821 1725 2862 1865),

153 2884 219 2913 nisi
241 2883 336 2913 malis
360 2892 430 2912 cum
454 2880 634 2912 Ritselzelio
662 2877 892 2919 δίφθογγον,
928 2886 1021 2917 quem
1047 2876 1121 2905 uide
1147 2876 1169 2907 l.
1194 2884 1221 2906 c.
1247 2884 1280 2914 p.
1299 2873 1363 2903 610
1379 2881 1429 2912 sq.
1559 2870 1601 2900 25
1628 2867 1721 2908 aliq3

155 2928 218 2967 Bg,
244 2927 366 2968 aliquo
391 2927 426 2956 M
518 2926 559 2957 27
586 2934 666 2955 eum
693 2941 732 2944 —
760 2922 909 2962 frangat
932 2932 993 2952 om.
1019 2920 1048 2950 A
1073 2921 1091 2950 1
1109 2929 1147 2949 m.
