1939 3228
621 118 849 159 ADDEN‘DA
880 131 939 161 ET
970 132 1288 170 coRR1GENDA.
1666 136 1749 178 369

159 221 317 253 uideatur
339 225 544 265 scripturam
573 230 784 274 amittitque
817 235 851 266 in
880 236 968 270 illam
999 239 1158 273 librorum
1192 245 1301 285 atque
1334 248 1526 287 transiisse,
1563 251 1667 283 locum
1698 254 1748 284 sie

158 266 398 308 redintegrare
428 273 557 304 malim:
588 276 706 317 magis
738 279 861 319 perdit
893 285 1004 323 atque
1038 281 1264 329 [corrump]it
1288 288 1394 323 fidem
1420 295 1456 324 et
1482 293 1649 328 adfectus
1674 307 1747 330 mo-

157 312 215 342 tus
244 320 288 343 ue
314 314 441 346 omnis.

219 320 282 397 qp.
303 358 379 399 202,
402 361 442 392 17
461 359 528 402 (10,
548 364 578 404 1,
597 363 633 405 3)
659 366 704 406 ef.
727 369 757 408 1,
777 370 811 408 3,
831 372 870 401 1:
896 373 1098 412 proximum
1122 377 1293 412 imitatio.

243 411 278 442 p.
297 403 374 443 204,
391 405 412 435 4
430 405 497 446 (10,
517 409 547 449 1,
569 408 624 448 12)
653 414 689 442 et
713 414 832 453 pressi
857 417 964 458 copia
990 419 1114 462 laetis]
1140 423 1232 455 loeus
1256 431 1308 456 est
1331 437 1378 459 ex
1406 429 1508 471 Very.
1537 430 1611 463 Ecl.
1632 435 1664 474 1,
1685 435 1741 465 81.

244 456 278 488 p.
297 448 375 489 209,
394 450 414 481 9
432 450 500 492 (10,
521 455 549 493 1,
567 453 624 496 35)
650 457 727 488 uide
757 469 798 490 ne
829 470 876 492 ea:
904 464 1080 504 scriptura
1104 465 1366 511 Bamberyensis
1397 473 1488 506 uitio
1522 476 1660 508 factum
1686 483 1742 511 est

155 499 254 522 orum
279 496 520 529 emendandum
544 500 589 530 sic
613 500 705 533 uitio
732 502 756 534 f.
784 508 840 536 est
865 506 1100 543 rhetorum.

244 547 276 577 p.
298 539 374 578 210,
394 541 436 572 24
454 543 524 583 (10,
545 546 574 581 1,
594 546 651 584 44)
678 545 793 580 Ιέιιὶε
827 554 864 581 et
887 552 997 584 nitidi
1024 558 1060 586 et
1086 560 1277 599 compositi
1303 564 1451 602 generis
1480 566 1552 597 (iul.
1578 567 1742 610 Meyer-ns

151 580 376 620 probabiliter
400 588 473 619 coll.
494 590 548 628 10,
569 591 601 630 1,
614 593 665 667 ξ2
683 597 717 623 et
735 596 766 633 5,
787 596 842 632 12,
862 598 915 628 18.

240 637 275 667 p.
294 629 370 667 221,
391 631 431 662 13
450 631 520 674 (10,
542 636 572 674 1,
591 635 610 666 9
636 634 648 676 )
677 637 786 669 etiam
814 641 1003 683 amplius
1038 648 1186 680 saturae
1213 660 1327 691 genus
1352 655 1495 687 coniecit
1519 656 1604 691 Luc.
1630 658 1738 691 flIzcel-

149 671 240 702 (erus
263 673 296 703 in
322 673 411 706 Mus.
437 677 531 709 rhen.
552 680 672 722 (1869)
690 685 755 716 nol.
773 686 868 726 2412.
889 689 969 722 142.

239 727 272 758 p,
292 719 368 760 227,
390 721 431 752 14
449 719 517 762 (10,
537 725 566 760 1,
588 726 665 765 127)
692 728 833 769 Παφίαν
861 731 1076 767 To'rnebladlz
1100 738 1134 769 in
1161 737 1310 777 Quaestt.
1337 744 1380 775 de
1404 755 1464 777 usu
1493 749 1736 787 particularum

112 763 118 769 '
147 763 242 800 apud
257 761 392 801 Quintil.
412 764 585 806 (Holnziae
602 782 634 804 a.
654 773 757 814 1861)
774 786 808 815 p.
828 778 868 806 11
887 783 953 811 not.
974 782 1004 810 1.
1023 781 1085 813 hoc·
1101 784 1238 816 scribit:
1265 786 1379 820 ‘Loco
1399 789 1442 827 X,
1462 793 1492 831 1,
1512 794 1598 824 127:
1624 794 1736 826 Foret

148 807 243 837 enim
270 810 465 849 optandum
492 823 600 855 pares
626 826 670 848 ae
696 819 826 851 saltem
851 823 1034 862 proximos
1061 826 1118 859 illi
1143 838 1220 862 uiro
1247 831 1325 864 fieri
1341 833 1526 868 Bonnellus
1551 849 1597 870 ea:
1613 838 1733 872 Bamb.

144 860 185 881 m.
205 853 226 882 2
252 858 315 884 aut
338 861 431 887 recte
455 859 636 900 scripsisse
661 864 795 896 uidetur
819 870 905 899 etc.'
955 871 1003 901 At
1026 875 1222 906 monendum
1247 882 1299 909 est
1323 880 1355 910 in
1380 879 1500 917 Bamb,
1535 893 1579 915 ac
1605 884 1734 917 saltem

145 896 210 936 zeyz·
233 908 294 929 nec
319 901 497 942 quidquam
521 915 618 937 manu
641 911 790 941 secunda
814 916 971 946 mutatum
996 926 1080 949 esse.

232 952 266 983 p.
286 944 362 985 228,
381 947 401 978 3
422 946 491 986 (10,
512 950 542 989 1,
563 952 641 993 131)
667 953 720 986 De
737 957 935 996 confusione
960 971 1074 994 uocum
1092 966 1285 1008 utcumque
1304 975 1337 1001 et
1354 972 1543 1014 utrumque
1570 974 1616 1015 cf.
1635 976 1732 1008 etiam

141 986 190 1017 ad
206 988 258 1023 11,
277 989 308 1024 2,
328 991 374 1021 24
389 1001 424 1031 p.
442 994 522 1034 276,
541 997 571 1027 1.

229 1042 263 1073 p.
284 1034 361 1075 235,
380 1037 422 1068 29
447 1036 516 1078 (10,
536 1041 644 1083 3,15)
675 1044 811 1083 facilius
843 1049 893 1080 sic
922 1054 1096 1085 emendes:
1134 1056 1220 1097 quid
1251 1059 1445 1103 obueniat,
1482 1066 1525 1094 at
1557 1065 1642 1107 quid
1672 1076 1730 1098 res

164 1082 270 1109 osoat
294 1083 358 1111 etc.

138 1085 161 1117 p
228 1133 261 1164 p.
280 1125 357 1162 256.
376 1128 396 1158 3
415 1125 484 1168 (11,
507 1130 536 1170 1,
559 1132 614 1167 15)
639 1135 852 1170 scribendum
877 1142 993 1174 omnis
1019 1144 1075 1176 sui
1101 1144 1189 1186 (sine
1213 1150 1370 1192 uncinis).

226 1178 260 1209 p.
279 1171 357 1210 260,
376 1173 396 1204 8
421 1175 544 1217 corrig.
572 1177 880 1219 Agamemnonem

225 1224 260 1255 p.
281 1216 358 1254 263,
378 1218 419 1249 31
439 1220 509 1262 (11,
531 1223 559 1261 1,
579 1222 637 1266 59)
663 1235 731 1258 neo
757 1233 1001 1264 accusanti
1026 1235 1166 1277 pupillo
1190 1240 1277 1271 coni.
1305 1241 1486 1284 Zumptz‘us.

226 1269 261 1301 p.
281 1262 358 1301 266,
377 1264 397 1294 5
412 1261 481 1303 (11,
498 1268 526 1305 1,
543 1265 600 1308 70)
618 1270 862 1306 studiosorum
878 1277 1091 1314 (studiosum
1105 1283 1199 1324 libri)
1216 1284 1500 1327 disputationem
1513 1292 1566 1323 ed.
1582 1293 1723 1326 Aldina.

131 1347 184 1379 Ph
223 1315 257 1345 p.
276 1307 353 1347 306,
372 1309 392 1340 3
411 1307 480 1351 (11,
499 1313 532 1352 3,
554 1314 631 1355 139)
650 1318 690 1347 ut
708 1317 755 1349 sit
774 1319 923 1360 paulum
949 1324 1133 1359 cinctus
1157 1331 1382 1364 summissior
1408 1336 1494 1370 coni.
1516 1336 1654 1379 Zumpt;
1679 1340 1723 1380 ef.

187 1349 254 1381 ilol.
273 1353 319 1384 28
336 1363 370 1392 p.
388 1355 469 1387 282.

220 1405 254 1436 p.
274 1398 352 1437 343,
367 1399 389 1429 4
403 1399 470 1441 (12,
486 1403 518 1442 9,
535 1401 592 1446 16)
611 1404 709 1439 dicet
727 1410 878 1453 scripta,
897 1423 1022 1455 quum
1041 1426 1100 1449 res
1117 1420 1293 1460 patietur,
1314 1421 1470 1464 plurima
1482 1426 1519 1459 P.
1535 1427 1718 1464 Victorius.

220 1451 252 1482 p.
271 1443 350 1476 346.
399 1444 444 1477 In
468 1449 585 1481 adnot.
610 1453 721 1492 prima
745 1456 794 1487 ad
815 1467 904 1490 uers.
924 1461 967 1492 18
990 1463 1224 1504 corriyendum
1249 1472 1317 1498 est:
1343 1479 1468 1510 parum
1496 1470 1580 1513 (pro
1605 1477 1641 1505 et
1657 1485 1719 1517 pa—

128 1484 219 1525 rum)
244 1490 540 1529 superstitiosum
565 1495 598 1527 b.

218 1542 251 1573 p.
272 1534 350 1576 354,
369 1536 411 1567 20
431 1537 499 1579 (12,
521 1540 574 1580 10,
594 1542 651 1583 57)
676 1547 802 1578 mcdim:
826 1549 1025 1590 prudenter
1049 1555 1144 1586 enim
1169 1557 1363 1600 quidam,
1391 1571 1470 1593 oum
1494 1562 1718 1607 interrogas—

127 1577 183 1606 set
199 1582 264 1610 etc.

164 2998 343 3037 Qmwmn.
364 3001 416 3034 «ἰί.
441 3004 560 3037 Ilium.
596 3006 673 3038 Vol.
691 3008 736 3040 Π.
1374 3021 1416 3052 24
