1939 3228
74 501 90 526 5

0 834 90 866 '10

60 1180 91 1205 15

60 1520 92 1544 20

597 112 677 142 vn.
732 109 765 152 6,
800 109 972 141 10—12.
1023 108 1206 153 7,1—8.
1642 98 1698 140 45

108 229 270 271 quoque
316 214 431 268 leges
464 206 827 267 confligunt'aut
867 212 1024 253 similes
1063 221 1133 254 aut
1178 217 1366 264 impares.
1427 211 1738 264 diuersae,4

108 282 258 337 quibus
291 281 419 322 etiam
452 281 559 322 citra
591 280 811 321 aduersam
841 280 980 334 legem
1013 279 1246 321 contradici
1277 279 1428 334 possit,
1468 280 1515 319 ut
1544 279 1589 319 in
1620 278 1697 318 hac

109 349 414 391 controuersia:
448 348 746 403 <magistratus
769 348 821 388 ab
843 362 939 388 arce
959 362 1014 388 ne
1035 347 1224 388 discedat
1245 365 1265 389 ›0‹
1280 351 1347 389 *³1
1378 347 1447 387 uel
1478 346 1561 387 alia
1581 345 1700 387 nulla

108 418 305 459 obstante
336 417 482 472 quaeri
513 418 674 471 potest:
723 415 812 456 ‘uir
848 415 969 456 fortis
999 430 1054 456 an
1086 415 1287 470 quidquid
1318 414 1478 469 optarit
1508 414 1700 468 accipere

109 485 300 527 debeat’.
363 487 404 525 et
433 485 478 525 in
509 490 633 535 leqem
672 484 951 538 magistratus
981 483 1115 524 multa
1153 483 1368 535 dicentur,
1411 482 1561 536 quibus
1601 481 1699 522 scri-

107 555 229 608 ptum
261 554 545 607 expugnatur,
578 552 612 592 si
634 551 880 592 incendium
901 552 946 591 in
970 565 1064 591 arce
1085 550 1228 604 fuerit,
1262 550 1296 591 si
1318 551 1363 590 in
1391 550 1523 590 hostis
1556 549 1698 590 decur-

108 621 298 662 rendum.
361 619 583 673 similes,
631 622 778 661 contra
822 633 924 674 quas
970 618 1079 659 nihil
1118 618 1275 672 opponi
1320 619 1462 672 potest
1506 617 1588 658 nisi
1633 617 1740 659 lexa')

110 688 264 730 altera:
310 687 629 742 ‘tyrannicidae
660 682 803 742 imago
834 687 879 727 in
910 686 1136 741 gymnasio
1159 689 1386 738 ponalur':
1417 693 1556 726 contra
1589 688 1700 725 ‘mu—

108 761 217 798 lieris
247 761 378 807 imayo
408 761 449 797 in
487 761 695 809 (symnasio
725 770 778 796 ne
808 759 1003 809 ponatur.
1063 753 1214 795 mulier
1243 755 1476 807 tyrannum
1507 753 1699 794 occidit'.

108 839 208 865 nam
238 838 375 879 neque
405 823 592 865 mulieris
622 824 765 877 imago
795 822 881 863 ullo
913 822 994 863 alio
1017 836 1116 863 casu
1146 822 1248 876 poni
1279 823 1419 875 potest
1448 835 1526 862 nec
1556 822 1701 875 tyran-

108 892 275 934 nicidae
314 892 400 933 ullo
442 891 524 932 alio
564 905 663 932 casu
701 890 954 932 submoueri.
1017 890 1244 944 impares
1284 891 1403 941 sunt,
1445 903 1539 929 cum
1578 888 1739 930 alteri6

108 961 242 1001 multa
273 960 428 1015 opponi
460 961 654 1014 possunt,
692 958 813 999 alteri
843 957 952 999 nihil
982 959 1065 999 nisi
1096 957 1205 1012 quod
1235 958 1281 998 in
1311 957 1385 997 lite
1418 959 1495 1010 est,
1528 960 1575 997 ut
1607 972 1701 997 cum

109 1028 175 1069 uir
204 1028 327 1069 fortis
358 1027 645 1081 inpunitatem
685 1026 910 1067 desertoris
941 1026 1063 1080 petit.
1124 1040 1225 1066 nam
1265 1027 1412 1065 contra
1450 1025 1589 1079 legem
1621 1025 1701 1065 uiri

108 1096 252 1149 fortis,
300 1097 346 1136 ut
385 1109 510 1149 supra
553 1094 741 1148 ostendi,
789 1094 924 1135 multa
963 1094 1182 1147 dicuntur,
1225 1093 1425 1134 aduersus
1468 1092 1701 1133 desertores

110 1164 268 1219 scripta
298 1178 385 1203 non
416 1165 557 1217 potest
581 1154 669 1203 nisi
700 1162 871 1216 optione
904 1162 1106 1203 subuerti.

222 1231 331 1272 Item
369 1233 442 1271 ant
480 1229 720 1271 confessum
758 1232 822 1270 est
861 1244 910 1270 ex
952 1232 1129 1284 utraque
1161 1231 1282 1284 parte
1313 1230 1377 1270 ius
1409 1231 1482 1269 aut
1513 1229 1739 1271 dubiumst

110 1300 144 1340 si
176 1299 416 1341 confessum
447 1300 528 1352 est,
568 1299 673 1339 haec
703 1298 791 1338 fere
823 1301 1105 1352 quaeruntur:
1145 1300 1240 1339 utra
1270 1297 1336 1338 lex
1367 1296 1614 1351 potentior?
1650 1297 1702 1338 ad

110 1367 208 1409 deos
240 1367 453 1422 pertineat
484 1381 539 1406 an
578 1366 629 1406 ad
666 1365 891 1407 homines?
929 1381 1017 1407 rem
1056 1366 1271 1421 publicam
1303 1380 1357 1405 an
1393 1364 1613 1419 priuatos?
1652 1365 1701 1406 (10

110 1436 268 1477 honore
300 1450 355 1476 an
386 1437 435 1475 de
467 1437 634 1489 poena?
666 1434 715 1475 de
745 1434 915 1489 magnis
946 1435 1070 1475 rebus
1103 1449 1157 1474 an
1188 1434 1238 1474 (10
1269 1432 1446 1487 paruis?
1481 1433 1703 1487 permittat

111 1519 166 1545 an
197 1505 314 1544 uetet
345 1518 398 1543 an
438 1502 649 1557 imperet?
689 1502 796 1543 solet
830 1503 1005 1543 tractari
1045 1505 1086 1543 01
1128 1504 1224 1542 utra
1263 1502 1319 1542 sit
1357 1501 1590 1555 antiquior,
1631 1501 1741 1544 sedS

110 1572 227 1613 uelut
257 1571 614 1626 potentissimum,
652 1572 748 1610 utra
778 1570 917 1611 minus
948 1570 1111 1625 perdat,
1145 1572 1193 1610 ut
1222 1570 1267 1610 in
1299 1569 1510 1610 desertore
1541 1571 1583 1609 et
1612 1569 1703 1609 uiro

110 1640 225 1694 forti,
267 1639 377 1693 quod
408 1639 480 1679 1110
513 1653 599 1679 11011
631 1638 769 1679 000150
800 1638 867 1679 1οΧ
905 1640 995 1679 tota
1034 1637 1229 1692 tollatur,
1270 1637 1408 1678 occiso
1449 1637 1504 1677 sit
1541 1636 1703 1691 reliqua

202 1813 218 1843 1
245 1811 383 1843 similes
409 1814 472 1842 ant
496 1811 665 1853 impares.
693 1810 863 1842 diuersae
889 1810 1020 1842 Christ.-
1047 1810 1182 1841 similia
1208 1814 1245 1841 ut
1271 1810 1363 1841 duae
1381 1810 1455 1847 AG,
1482 1809 1620 1840 similes
1641 1814 1703 1840 aut

96 1847 204 1889 'duae
230 1858 333 1897 MSa,
362 1856 511 1888 similes.
539 1857 706 1888 diuersae
732 1856 855 1896 Reffl'zcs
880 1861 912 1888 et
937 1866 956 1890 ς
1050 1858 1069 1887 3
1095 1855 1288 1887 discondat
1312 1857 1350 1894 G,
1377 1855 1532 1887 decedat
1556 1856 1602 1893 M,
1629 1855 1699 1886 (115-

113 1903 238 1934 cordat
263 1903 282 1932 S
421 1902 481 1933 uel
507 1912 538 1935 a.
567 1913 599 1932 n.
628 1913 658 1935 0.
687 1912 718 1942 q.
745 1905 866 1943 potest
897 1902 952 1932 uir
985 1901 1088 1932 fortis
1114 1902 1142 1932 A
1168 1913 1206 1931 m.
1224 1903 1243 1931 2
1270 1902 1302 1932 in
1328 1911 1396 1931 ras.
1429 1901 1484 1931 uir
1514 1902 1619 1932 fortis
1644 1901 1700 1932 uel

111 1948 185 1979 alia
210 1958 242 1979 n.
270 1950 439 1988 opstante
468 1950 632 1988 &optante
653 1947 679 1978 G
705 1946 792 1989 Im.)
820 1958 852 1988 q.
879 1949 999 1988 potest
1017 1947 1084 1985 GS,
1113 1946 1171 1977 uel
1200 1958 1231 1977 a.
1259 1957 1291 1977 n.
1321 1947 1491 1977 obstante
1516 1947 1573 1978 uir
1599 1946 1703 1977 fortis

113 1994 237 2035 quaeri
262 1997 383 2034 potest
407 1994 457 2030 M;
483 1995 609 2034 signnm
635 1995 773 2023 lacunae
798 1994 983 2033 posuimus,
1017 2003 1102 2033 qnae
1131 1992 1261 2023 Christo
1286 1993 1334 2023 sic·
1356 1992 1432 2031 fere
1458 1993 1630 2032 escplenda
1655 1993 1703 2022 zti-

113 2040 227 2070 detur:
252 2038 309 2069 uir
335 2039 442 2069 fortis
468 2042 570 2079 optet
597 2037 689 2079 quod
715 2038 831 2069 nolet:
858 2038 1103 2079 inpunitatem
1130 2039 1367 2076 magistratus
1394 2037 1498 2078 petit.
1622 2039 1641 2068 5
1667 2038 1703 2068 in

113 2083 229 2125 legem
258 2084 493 2125 magistratus
519 2094 597 2114 uos:
635 2086 671 2113 in
698 2083 937 2124 magistratus
961 2081 1006 2123 A,
1045 2083 1082 2114 in
1114 2084 1309 2124 magistrat
1334 2083 1378 2122 G,
1416 2083 1452 2113 in
1485 2083 1704 2123 magistratu

113 2130 213 2168 Μδς,
241 2139 261 2159 a
288 2130 324 2168 (i.
351 2139 379 2160 e.
406 2128 484 2169 pro)
512 2129 730 2169 magistratu
749 2129 887 2169 Regius,
915 2129 960 2168 cf.
979 2129 996 2165 ἕ
1016 2130 1053 2159 6:
1082 2132 1210 2160 contra
1236 2128 1352 2169 legem
1380 2128 1450 2158 uiri
1468 2128 1572 2159 fortis
1591 2128 1704 2159 multa

114 2175 280 2205 «licuntur
374 2175 392 2204 6
419 2178 650 2215 expugnatus
677 2174 713 2214 G,
740 2174 964 2215 expugnauit
989 2174 1024 2203 M
1116 2174 1152 2204 in
1179 2173 1299 2204 hostes
1325 2175 1398 2212 MS,
1425 2173 1461 2203 in
1487 2174 1620 2205 nostris
1639 2174 1703 2203 AG

115 2219 241 2259 (inni-is
267 2217 320 2261 G),
346 2220 382 2250 in
409 2220 518 2250 armis
544 2218 709 2260 Spalding
803 2218 1060 2249 recurrendum
1086 2218 1237 2256 AGMS,
1266 2229 1323 2249 em.
1351 2217 1493 2250 Obrecht
1609 2221 1626 2250 7
1654 2221 1704 2249 si-

116 2264 217 2296 miles
235 2265 265 2294 A
288 2270 323 2295 ul
348 2265 434 2296 coni.
454 2264 596 2305 Reyz’ns:
622 2275 684 2296 om.
710 2266 782 2295 rell.
809 2265 880 2295 noli
971 2265 990 2294 8
1017 2264 1199 2304 gimnasio
1217 2264 1308 2295 AGS
1402 2268 1558 2304 ponatur
1577 2268 1703 2294 contra

114 2335 121 2342 .
146 2334 154 2342 .
180 2310 369 2352 gymnasio
393 2311 564 2350 suppleuit
590 2310 710 2350 chz‘us
803 2311 821 2341 9
848 2320 892 2339 ne
919 2313 1076 2350 ponatur
1100 2309 1191 2339 AGS
1217 2307 1294 2348 (sed
1310 2309 1336 2338 G
1362 2319 1403 2338 ne
1429 2311 1460 2339 in
1486 2310 1594 2346 ras-J:
1619 2320 1702 2350 epo-

116 2358 220 2386 natur
246 2356 281 2384 Μ
397 2356 436 2385 10
462 2364 543 2386 nam
569 2355 598 2384 A
623 2357 654 2385 in
680 2366 748 2385 ras.
844 2354 1015 2385 mulieres
1040 2353 1120 2384 A¹G
1212 2353 1285 2384 ullo
1312 2361 1347 2383 a:
1376 2353 1475 2385 nulla
1500 2355 1574 2393 AG,
1603 2354 1702 2384 nullo

115 2400 174 2430 MS
243 2400 474 2441 poni—casu
495 2401 578 2430 GM:
606 2411 665 2431 om.
683 2401 722 2439 A,
748 2401 812 2431 secl
831 2404 911 2440 post
935 2409 1022 2430 casu
1041 2399 1156 2431 zzocab.
1178 2404 1310 2433 caslssu
1328 2409 1458 2429 erasnm
1532 2402 1570 2429 12
1591 2399 1702 2429 multa

117 2455 206 2485 quae
232 2446 319 2486 poni
351 2448 502 2486 possunt
535 2445 641 2476 alteri
672 2445 702 2476 si
735 2445 891 2483 (alten-ld!
918 2445 949 2475 si
973 2444 1015 2485 A)
1043 2444 1135 2475 nihil
1159 2444 1311 2482 AGMS,
1345 2444 1417 2474 sint
1444 2454 1536 2484 quae
1570 2445 1703 2485 opponi

117 2491 254 2530 possint
280 2491 389 2522 alteri
414 2490 444 2520 si
470 2489 557 2520 nihil
584 2500 605 2520 a
713 2492 753 2522 13
779 2490 896 2530 legem
923 2491 980 2520 uir
1003 2490 1081 2520 A'G
1192 2491 1231 2520 14
1257 2489 1425 2519 dicentur
1449 2491 1554 2520 malim
1581 2492 1626 2527 cf,
1645 2490 1663 2527 ξ
1683 2491 1703 2520 4

207 2537 246 2567 15
272 2535 417 2567 obtione
443 2534 498 2571 A&
524 2536 705 2577 optionem
731 2537 750 2566 S
845 2535 1028 2566 subuertit
1052 2535 1152 2565 GMS
1263 2536 1302 2565 16
1330 2538 1392 2565 aut
1416 2534 1493 2564 AG:
1522 2545 1581 2567 om.
1607 2535 1703 2568 Msg

205 2581 410 2612 confessum
437 2581 491 2610 M:
518 2581 722 2612 confersum
748 2581 788 2621 A,
816 2590 1030 2611 conuersum
1057 2581 1112 2610 GS
1217 2583 1272 2610 est
1296 2579 1446 2610 AGMS:
1473 2590 1534 2610 om.
1562 2589 1611 2614 ag

117 2624 170 2656 ius
195 2636 272 2656 nos:
298 2628 354 2657 ius
380 2630 434 2657 est
459 2626 528 2666 Ας,
556 2626 630 2657 iure
655 2627 681 2656 G
707 2624 764 2665 (an
789 2636 835 2656 ea:
861 2625 903 2656 de
930 2626 1058 2666 iure?)‚
1085 2627 1161 2656 iure
1188 2626 1219 2664 S,
1246 2626 1324 2655 iure
1352 2625 1458 2655 estM
1553 2627 1591 2656 17
1621 2635 1703 2656 con-

120 2680 258 2701 cessum
283 2671 347 2701 MS
441 2670 498 2701 lex
523 2671 709 2712 potentior
733 2669 773 2700 A¹
802 2672 833 2702 in
860 2675 974 2701 uetere
999 2682 1068 2701 ras.
1176 2670 1221 2700 ad
1247 2669 1330 2701 deos
1356 2679 1391 2700 a:
1421 2670 1530 2700 adeos
1554 2671 1628 2707 AG,
1656 2680 1701 2701 an

120 2714 164 2745 ad
189 2715 274 2747 deos
300 2717 362 2747 MS
469 2717 507 2747 18
534 2717 719 2756 pertineat
743 2715 822 2746 A¹G
847 2715 900 2756 (at
924 2716 987 2756 A):
1015 2716 1224 2757 pertineant
1249 2716 1275 2744 G
1299 2725 1388 2748 corr.
1416 2720 1449 2746 et
1473 2716 1534 2745 MS
1628 2726 1701 2745 rem

118 2769 150 2799 p.
179 2770 223 2791 an
248 2762 411 2802 priuatos
442 2761 591 2791 AGMS:
631 2761 677 2792 ad
708 2771 782 2792 rem
808 2771 842 2802 p,
877 2771 922 2791 an
948 2761 993 2792 ad
1018 2762 1111 2802 prin.
1143 2761 1219 2791 edd.
1252 2764 1331 2791 nete.
1365 2765 1398 2791 et
1425 2768 1445 2793 ς
1588 2762 1626 2792 19
1659 2761 1701 2791 (10

119 2814 211 2844 pona
235 2807 275 2837 (Ie
299 2807 426 2847 mugnis
455 2806 554 2837 rebus
582 2807 628 2845 A,
669 2805 904 2848 deponendae
942 2807 1058 2847 magis
1096 2805 1201 2836 rebus
1235 2806 1278 2844 G,
1316 2805 1528 2846 deponendo
1560 2806 1703 2846 magnis

120 2849 224 2881 rebus
246 2851 310 2880 MS
446 2853 488 2883 20
514 2851 552 2883 fit
579 2852 605 2881 G
743 2851 805 2882 sed
831 2851 873 2881 G:
907 2852 937 2882 si
963 2852 1043 2891 MS,
1079 2854 1114 2881 et
1138 2851 1166 2880 A
1192 2851 1225 2881 z'n
1249 2860 1319 2883 ras.
1460 2851 1500 2881 21
1527 2851 1702 2891 potentis-

119 2893 208 2946 Sim?
232 2894 289 2970 Δὲ
367 2897 408 2927 22
437 2896 521 2928 forti
547 2898 583 2927 S:
612 2896 705 2928 forte
730 2897 837 2926 AGM
930 2896 989 2927 lex
1017 2913 1054 2917 —
1082 2896 1204 2927 occiso
1230 2895 1258 2925 A
1283 2896 1317 2926 in
1342 2906 1445 2937 marg.
1470 2897 1533 2927 sed
1558 2898 1630 2927 lm.

118 2948 238 2970 occisa
