1939 3228
837 99 900 130 vi.
944 96 980 142 3,
1003 94 1046 127 65
1061 94 1178 128 -75.
1726 83 1809 126 323

207 217 370 259 quoque
400 196 570 257 mentis,
602 215 709 257 quae
741 202 930 255 (χήματα
960 201 1153 244 διανοίας
1184 199 1400 253 dicuntur,
1431 213 1499 240 res
1531 198 1679 240 eadem
1708 198 1813 239 reci-

147 290 167 312 -.
205 271 271 327 pit
290 271 444 326 omnis,
478 271 523 312 in
546 285 652 326 quas
681 269 880 311 nonnulli
902 269 1142 310 diuiserunt
1173 268 1334 324 species
1366 267 1591 310 dictorum.
1639 281 1741 308 nam
1772 268 1815 307 et

205 340 522 395 interrogamus
563 341 605 381 et
635 338 879 380 dubitamus
919 339 962 379 et
993 337 1263 378 adfirmamus
1296 338 1338 378 et
1368 336 1584 378 minamur
1623 338 1666 377 et
1696 336 1814 390 opta-

206 422 320 463 mus,
361 408 571 463 quaedam
610 409 658 448 ut
695 406 970 460 miserantes,
1012 406 1219 461 quaedam
1260 407 1308 446 ut
1345 405 1580 446 irascentes
1620 403 1812 453 dicimus.

206 476 431 518 ridiculum
471 478 537 518 est
567 477 709 517 autem
740 489 887 529 omne,
928 474 1036 529 quod
1077 476 1223 529 aperte
1257 473 1450 528 fingitur.
1512 471 1645 513 stulta
1676 485 1815 526 repre·
1830 472 1882 514 71

206 544 390 587 hendere
421 544 675 586 facillimum
708 545 791 597 est,
833 557 934 584 nam
965 557 1042 597 per
1073 557 1115 583 se
1148 543 1250 583 sunt
1280 541 1481 596 ridicula,
1523 540 1595 581 sed
1626 554 1715 581 rem
1747 554 1814 581 ur-

206 614 365 655 banam
394 613 500 654 facit
532 612 675 668 aliqua
706 626 761 659 ex,
787 611 911 652 nobis
943 610 1139 652 adiectio.
1202 610 1332 651 stulte
1373 610 1717 664 interrogauerat
1747 623 1814 650 ex-

207 683 380 723 euntem
410 681 461 723 de
499 680 669 722 theatro
701 679 973 734 Campatium
1003 679 1142 720 Titius
1175 678 1410 731 Maximus,
1453 693 1506 718 an
1547 676 1815 732 spectasset?

206 749 310 792 fecit
341 749 589 804 Campatius
621 748 932 790 dubitationem
966 748 1055 789 eius
1087 747 1328 788 stultiorem
1361 746 1560 787 dicendo:
1595 749 1708 798 “nom
1741 744 1813 786 sed

206 818 251 860 in
282 818 501 860 orchestra
531 817 618 872 pila
649 817 763 858 lusi.’

320 885 542 928 Refutatio
582 900 678 927 cum
717 885 774 926 sit
810 885 855 926 in
895 885 1115 940 negando,
1163 883 1481 938 redarguendo,
1531 881 1812 936 defendendo,
1829 882 1883 924 72

207 954 429 1009 elenando,
461 954 638 995 ridicule
668 953 849 1009 negauit
881 953 1051 994 Manius
1086 952 1257 994 Curius:
1290 966 1411 1006 nam,
1445 966 1539 992 cuin
1572 951 1660 992 cius
1692 965 1813 992 accu-

206 1025 322 1065 sator
353 1024 398 1064 in
429 1023 588 1078 sipario
620 1022 817 1063 omnibus
845 1021 949 1063 locis
982 1023 1056 1062 aut
1087 1020 1249 1062 nudum
1282 1035 1376 1061 eum
1409 1020 1452 1061 in
1490 1034 1621 1061 neruo
1654 1022 1728 1061 aut
1760 1019 1813 1060 ab

206 1092 355 1134 amicis
393 1091 659 1146 redemptum
700 1105 749 1132 ex
791 1090 884 1131 alea
923 1090 1154 1144 pinxisset,
1198 1094 1323 1144 ‘ergo
1355 1093 1458 1144 ego'
1491 1088 1631 1143 inquit
1668 1093 1813 1129 ‘num-

171 1168 186 1194 5
206 1175 331 1216 quam
363 1160 474 1202 uici.’
535 1159 831 1215 redarguimus
863 1158 1035 1200 interim
1067 1160 1228 1213 aperte,
1266 1160 1313 1198 ut
1346 1156 1492 1198 Cicero
1524 1156 1697 1197 Vibium
1730 1156 1809 1198 Cu-
1828 1157 1881 1197 73

206 1228 315 1270 rium
347 1229 527 1269 multum
560 1228 610 1269 de
643 1227 769 1269 annis
793 1228 946 1269 aetatis
970 1242 1069 1268 suae
1092 1226 1388 1280 mentientem,
1422 1227 1536 1266 ‘tum
1569 1238 1684 1279 ergo,
1719 1239 1813 1266 cum

206 1312 294 1339 una
325 1296 686 1351 declamabamus,
720 1311 807 1337 non
830 1310 923 1337 eras
955 1298 1081 1337 natus
1094 1302 1119 1349 ²,
1157 1294 1330 1336 interim
1363 1296 1405 1334 et
1436 1292 1634 1334 simulata
1667 1293 1815 1334 adsen-

206 1366 345 1420 sione,
386 1367 435 1407 ut
472 1365 584 1406 idem
615 1364 747 1406 Fabia
780 1364 1028 1406 Dolabellae
1068 1363 1236 1404 dicente
1276 1362 1459 1417 triginta
1498 1376 1542 1402 se
1573 1376 1710 1402 annos
1741 1361 1813 1402 ha-

206 1434 318 1488 bere,
383 1438 553 1475 euerum
593 1435 680 1475 est'
720 1433 881 1488 inquit:
923 1437 1048 1474 tnam
1087 1431 1167 1473 hoc
1206 1431 1324 1472 illam
1365 1430 1449 1470 iam
1488 1429 1646 1485 uiginti
1689 1430 1812 1471 annis

154 1515 168 1535 '-
207 1502 368 1544 audio'.
429 1502 539 1544 belle
570 1501 745 1544 interim
777 1502 985 1544 subicitur
1015 1515 1092 1556 pro
1124 1515 1194 1554 eo,
1228 1499 1339 1554 quod
1370 1512 1522 1553 neges,
1558 1497 1671 1539 aliud
1703 1512 1811 1539 mor·
1828 1498 1882 1540 74

207 1570 375 1625 dacius,
414 1572 461 1612 ut
491 1570 640 1612 Iunius
671 1569 851 1625 Bassus,
892 1572 1097 1625 querente
1129 1568 1318 1609 Domitia
1351 1566 1565 1620 Passieni,
1605 1565 1715 1621 quod
1748 1566 1810 1607 in-

208 1653 362 1681 cusans
394 1639 483 1680 eius
516 1639 658 1681 sordes
701 1639 865 1680 calceos
905 1653 997 1680 eain
1039 1640 1205 1679 ueteres
1245 1636 1405 1677 diceret
1446 1634 1629 1676 uendere
1662 1634 1810 1688 solere,

206 1710 316 1749 ‘non
346 1707 631 1749 mehercules’
672 1708 811 1763 inquit
852 1707 957 1748 ‘hoc
990 1720 1190 1761 uniquam
1221 1704 1330 1757 dixi,
1373 1703 1442 1744 sed
1477 1703 1562 1744 dixi
1601 1717 1739 1744 emere
1769 1705 1812 1743 te

205 1775 377 1817 solere’.
440 1775 735 1818 defensionem
767 1776 957 1817 imitatus
989 1778 1053 1816 est
1084 1788 1209 1829 eques
1241 1772 1474 1826 Romanus,
1506 1772 1577 1826 qui
1608 1771 1812 1812 obicienti

155 1870 177 1878 —-
208 1845 418 1900 Augusto,
453 1845 563 1900 quod
585 1844 893 1899 patrimonium
916 1843 1181 1896 comedisset,
1217 1846 1403 1882 ‘meum’
1437 1840 1575 1894 inquit
1597 1838 1808 1893 eputaui’.

206 1912 402 1954 eleuandi
433 1914 543 1954 ratio
575 1915 639 1954 est
669 1913 837 1967 duplex,
871 1915 917 1953 ut
940 1914 1013 1953 aut
1034 1911 1213 1953 nimiam
1236 1909 1329 1964 quis
1351 1908 1605 1950 iactantiam
1627 1907 1880 1960 minuans&

203 1982 555 2037 quemadmodum
577 1981 623 2024 C.
648 1982 804 2024 Caesar
824 1969 1057 2035 Pomponio
1088 1978 1332 2021 ostendenti
1370 1977 1526 2018 uulnus
1558 1990 1629 2017 ore
1661 1990 1808 2030 excep-

298 2179 314 2209 1
342 2186 514 2210 exunara
539 2178 605 2219 GS,
633 2186 794 2210 cxmaTa
818 2177 860 2218 A,
887 2186 948 2208 om.
976 2177 1012 2206 Μ
1106 2174 1289 2206 ducuntur
1314 2174 1341 2204 G
1445 2172 1580 2214 recipit
1605 2172 1641 2203 S:
1669 2171 1812 2212 recepit

205 2223 311 2254 ΛΕΜ
427 2225 446 2255 2
473 2234 597 2256 omnes
624 2232 644 2258 ς
777 2224 796 2254 5
824 2226 951 2263 aperte
977 2223 1012 2252 S:
1042 2224 1170 2262 aparte
1195 2221 1319 2257 AGM,
1350 2221 1436 2259 apte
1463 2217 1613 2249 Burman
1730 2219 1748 2249 7
1776 2220 1812 2248 et

206 2272 399 2301 exeuntem
425 2267 547 2300 A¹GM
686 2269 706 2300 8
733 2268 955 2309 campatium
983 2265 1035 2307 (et
1064 2268 1168 2307 paulo
1190 2271 1270 2306 post
1298 2264 1515 2306 Campatius)
1543 2263 1639 2295 libri:
1673 2262 1811 2303 Carpa-

205 2314 319 2346 thium
345 2316 398 2347 ed.
425 2315 539 2356 Camp.
567 2319 599 2346 et
623 2323 645 2349 ς
763 2314 870 2345 citius
896 2314 923 2343 G
1016 2314 1036 2344 9
1063 2312 1155 2343 facit
1180 2311 1268 2350 libri,
1295 2321 1354 2341 em.
1383 2309 1516 2341 Badius
1633 2307 1808 2339 stultitio—

205 2369 280 2391 rem
305 2361 335 2391 A
427 2370 499 2392 non
527 2361 669 2401 Remus:
694 2370 757 2393 om.
784 2359 864 2392 libri
958 2360 999 2390 10
1025 2357 1218 2391 orobestra
1243 2357 1325 2395 GM,
1354 2358 1542 2397 oropestra
1567 2356 1586 2384 S
1688 2354 1726 2384 11
1754 2363 1810 2384 re-

205 2404 416 2447 darguendo
441 2407 470 2437 A
495 2412 529 2438 et
553 2406 696 2448 Regius:
728 2406 765 2436 in
793 2404 981 2446 arguendo
1008 2404 1105 2434 GMs
1246 2403 1286 2433 12
1313 2411 1396 2432 nam
1424 2404 1460 2431 et
1485 2410 1566 2431 cum
1592 2399 1708 2437 GMS3
1747 2400 1813 2429 ‘an

203 2451 272 2491 fuit
301 2461 385 2482 nam
419 2462 499 2482 eum
533 2462 613 2482 eum
645 2453 717 2483 sine
751 2450 847 2490 eius,
886 2454 921 2481 ut
952 2460 1031 2481 moa:
1061 2453 1142 2490 post
1173 2447 1307 2478 nudum
1337 2457 1401 2488 per
1433 2455 1583 2477 errorem
1614 2444 1810 2475 adhaeserit

207 2497 331 2527 cum?’
361 2497 584 2538 Spalding
678 2497 720 2528 14
747 2495 851 2527 exale
879 2495 956 2527 libr-i
1061 2495 1103 2526 15
1128 2493 1224 2524 uici?
1250 2493 1328 2524 edd.
1426 2496 1564 2522 curtum
1592 2489 1736 2529 AGMS,
1764 2489 1808 2529 ‘'f-

205 2540 304 2575 caes.
330 2543 372 2574 de
397 2542 427 2574 b.
455 2544 517 2574 citt.
538 2544 567 2579 1,
588 2544 632 2573 24
751 2542 792 2572 16
818 2541 1024 2572 dementem
1051 2540 1219 2581 Spalding]
1244 2537 1466 2579 probabiliter
1598 2536 1637 2566 17
1665 2537 1701 2566 et
1724 2535 1754 2564 A
1778 2539 1810 2565 et

208 2586 348 2629 Regius.-
374 2591 414 2619 ut
439 2589 521 2627 GM,
549 2598 610 2621 om.
638 2588 670 2627 S,
696 2586 756 2618 uel
778 2587 923 2618 Meister
940 2586 997 2625 II,
1015 2587 1058 2616 14
1154 2585 1194 2616 18
1220 2582 1403 2614 dolabelle
1424 2581 1533 2620 GMS,
1561 2579 1749 2611 dolabella
1766 2578 1807 2610 A¹

298 2632 438 2664 dicenti
463 2632 540 2675 (sed
563 2634 593 2663 A
619 2632 761 2672 dicenti)
787 2633 900 2667 codd„
927 2642 986 2665 em,
1014 2630 1181 2672 Spaldinq
1277 2630 1316 2659 19
1343 2628 1415 2658 iam
1433 2627 1479 2657 A:
1505 2637 1567 2659 om.
1592 2627 1666 2656 rell.
1693 2630 1764 2659 εις

205 2678 249 2710 20
274 2678 366 2710 aliut
390 2677 433 2709 A¹
563 2680 603 2709 21
632 2680 832 2718 quaerente
858 2676 937 2707 A¹G
1053 2675 1217 2718 passioni
1244 2675 1282 2713 G,
1310 2673 1493 2715 passionis
1517 2672 1557 2709 A,
1584 2670 1750 2712 passiani
1776 2671 1806 2709 S,

206 2724 372 2764 passanii
395 2725 430 2754 M
524 2725 566 2755 22
594 2723 782 2755 eisisordes
809 2723 835 2753 G
928 2725 1054 2752 uteres
1080 2720 1123 2752 Α1
1217 2719 1378 2750 uendere
1403 2718 1432 2748 A
1458 2715 1680 2758 (uende**ti
1705 2714 1763 2756 A¹)

208 2767 341 2801 soleret
365 2768 489 2799 A¹GM
628 2770 670 2801 25
697 2767 914 2800 comedisset
939 2768 1003 2798 Sa:
1030 2765 1302 2797 ****me(lisset
1326 2764 1374 2804 A,
1402 2761 1624 2795 comedisset
1649 2761 1719 2791 GM

206 2814 249 2845 26
273 2814 423 2846 nimiam
450 2815 529 2856 quis
556 2815 700 2856 Deffner
730 2814 860 2846 sodalis
884 2813 1057 2844 seminarii
1088 2812 1202 2853 philol.
1230 2809 1468 2841 Monacensis:
1506 2808 1653 2838 ueniam
1689 2805 1809 2847 (uere—

208 2858 375 2890 cundiam
401 2870 423 2891 a.
447 2861 481 2892 in
498 2860 620 2901 mary.)
647 2860 727 2901 quis
754 2862 817 2891 aut
842 2858 921 2890 libri
953 2856 1031 2898 (secl
1053 2857 1082 2887 A
1108 2861 1171 2888 aut
1198 2857 1269 2888 lm.
1294 2865 1320 2886 s.
1346 2854 1401 2896 L),
1436 2863 1571 2885 uanam
1601 2852 1682 2893 quis
1715 2851 1809 2882 alius

207 2903 390 2946 Spaldin9;
427 2910 576 2947 apparet
606 2906 775 2937 adieetiuo
808 2905 841 2936 in
871 2903 1111 2935 snbstantiumn
1145 2903 1336 2943 depranam
1372 2902 1436 2931 aut
1468 2910 1514 2931 ea:
1546 2898 1808 2939 interpolatione

208 2949 371 2982 adiectum
393 2960 467 2983 esse

1464 2999 1534 3032 21*
