1939 3228
585 143 628 171 v.
679 139 731 179 11,
761 138 928 171 :za—44.
972 137 1176 183 12,1--—4.
1589 127 1670 169 ‘263

88 245 319 290 aduersarii
341 247 416 286 aut
435 244 536 298 eius,
561 242 630 298 qui
654 257 702 283 ex
725 242 890 284 diuerso
912 242 1016 296 agit,
1049 241 1207 283 dictum
1229 241 1397 296 aliquod
1419 243 1489 282 aut
1510 241 1670 282 factum

89 315 305 358 adsumere
347 312 397 353 ad
443 325 605 364 eorum,
653 324 760 364 quae
804 310 1085 363 intendimus,
1138 309 1275 350 fidem.
1344 310 1517 363 propter
1561 308 1671 363 quod

90 383 281 435 fuerunt,
323 380 393 435 qui
433 378 623 432 exempla
661 379 703 418 et
740 377 815 418 has
855 377 1128 418 auctoritates
1159 375 1489 417 inartificialium
1521 376 1670 430 proba—

91 451 252 492 tionum
284 462 374 489 esse
406 446 729 499 arbitrarentur,
763 445 873 499 quod
904 459 951 486 ea
982 459 1068 485 non
1088 444 1302 485 inueniret
1323 445 1476 497 orator,
1511 443 1581 484 sed
1605 458 1669 484 ac-

54 532 70 558 5
90 519 261 573 ciperet.
321 515 547 570 plurimum
579 515 719 554 autem
748 512 902 553 refert:
943 527 1042 553 nam
1072 511 1194 553 testis
1226 514 1268 552 et
1297 511 1487 565 quaestio
1527 513 1569 552 et
1606 510 1671 552 his
1684 508 1739 549 44

38 870 67 894 10

38 1207 66 1231 15

33 1547 65 1571 20

32 1885 64 1911 25

30 1996 33 1998 ’
82 2006 127 2045 111
165 2017 245 2058 quo
286 2003 320 2044 si
357 2002 494 2043 uictus
533 2001 680 2054 fuerit,
725 2001 852 2041 etiam
889 2000 933 2040 in
974 2000 1246 2054 sequentibus
1277 1999 1374 2040 ruit.
1436 2013 1523 2040 non
1554 2000 1667 2040 enim

32 2222 64 2247 30

88 585 241 627 similia
270 583 320 624 de
351 583 442 636 ipsa
472 596 530 635 re,
563 595 670 635 quae
691 580 735 621 in
764 579 919 621 iudicio
941 582 1017 632 est,
1049 579 1350 633 pronuntiant:
1384 580 1502 619 extra
1523 578 1670 632 petita,

87 653 169 694 11131
208 651 260 692 ad
298 651 481 705 aliquam
519 648 756 703 praesentis
787 646 1106 701 disceptationis
1137 646 1366 687 utilitatem
1397 645 1571 699 ingenio
1603 645 1673 686 ad-

86 721 315 775 plicantur,
347 717 455 759 nihil
484 731 559 771 per
589 730 632 757 se
662 715 821 756 ualent.

198 786 294 829 XII.
355 785 473 826 Haec
502 784 591 826 fere
628 783 677 824 de
708 782 958 837 probatione
996 782 1064 822 uel
1095 781 1148 822 ab
1180 781 1273 822 aliis
1308 780 1466 822 tradita
1497 780 1564 821 uel
1594 796 1671 821 usu

85 857 285 911 percepta
312 854 358 894 in
388 852 466 893 hoc
496 853 662 905 tempus
693 850 890 891 sciebam.
952 863 1088 902 neque
1119 848 1223 889 mihi
1252 848 1407 889 fiducia
1437 849 1513 901 est,
1546 850 1594 889 ut
1623 863 1672 889 ea

86 923 174 965 sola
206 936 294 963 0330
335 919 608 972 contendam,
649 918 751 972 quin
789 917 916 957 immo
954 916 1100 957 hortor
1132 916 1181 956 ad
1222 915 1507 970 quaerendum
1539 917 1580 957 et
1610 915 1671 957 in-

86 990 221 1033 ueniri
251 1003 372 1043 posse
402 987 558 1028 fateor:
590 1000 696 1040 quae
727 986 870 1025 tamen
903 984 1066 1025 adiecta
1096 983 1269 1037 fuerint,
1301 998 1388 1024 11011
1418 983 1597 1024 multum
1619 984 1670 1024 ab

84 1059 150 1100 his
181 1056 480 1099 abhorrebunt.
541 1068 655 1095 1111110
686 1053 886 1107 breuiter,
920 1051 1271 1106 quemadmodum
1292 1051 1347 1092 sit
1368 1051 1572 1092 utendum
1602 1052 1668 1105 iis,

84 1126 352 1180 subiungam.

196 1192 417 1233 Traditum
456 1190 544 1231 fere
585 1191 665 1242 est,
710 1190 1008 1243 argumentum
1047 1189 1238 1241 oportere
1279 1201 1368 1227 esse
1409 1186 1710 1228 confessum:2

85 1260 221 1302 dubiis
253 1260 366 1301 enim
397 1258 566 1313 probari
598 1256 725 1298 dubia
758 1255 829 1310 qui
859 1255 1070 1310 possunt?
1129 1255 1333 1309 quaedam
1365 1257 1531 1308 tamen,
1565 1269 1670 1309 quae

84 1329 129 1370 in
160 1327 333 1369 alterius
364 1326 423 1367 rei
455 1325 750 1380 probationem
782 1323 994 1377 ducimus,
1034 1323 1126 1377 ipsa
1157 1322 1376 1376 probanda
1407 1324 1518 1363 sunt.
1581 1326 1670 1363 ‘oc-

85 1396 223 1437 cidisti
260 1395 421 1435 uirum:
461 1408 552 1434 eras
594 1392 705 1433 enim
747 1391 970 1432 adultera.’
1030 1390 1146 1445 prius
1178 1390 1228 1431 de
1260 1389 1465 1430 adulterio
1498 1390 1670 1430 conuin-

86 1464 263 1505 cendum
295 1464 377 1515 est,
411 1463 478 1509 ut,
511 1475 603 1501 cum
634 1460 676 1500 id
710 1458 893 1513 coeperit
925 1472 1013 1499 esse
1044 1472 1120 1511 pro
1153 1460 1286 1511 certo,
1319 1458 1395 1498 fiat
1424 1457 1577 1498 incerti
1609 1472 1670 1498 ar-

83 1532 346 1587 gumentum.
410 1527 638 1582 ‘spiculum
676 1529 797 1568 tuum
834 1527 879 1567 in
919 1540 1091 1580 corpore
1128 1525 1256 1567 occisi
1294 1525 1515 1566 inuentum
1563 1527 1669 1566 est':

83 1601 216 1654 negat
245 1611 385 1639 suum:
416 1598 462 1636 ut
491 1595 731 1649 probationi
753 1594 901 1648 prosit,
933 1593 1197 1647 probandum
1219 1595 1295 1634 est.
1355 1592 1459 1633 illud
1480 1592 1708 1634 11οο10003

84 1680 252 1721 monere
283 1666 395 1706 inter
425 1664 663 1704 necessaria
695 1664 777 1715 est,
820 1661 937 1702 nulla
968 1675 1057 1702 0330
1088 1660 1293 1714 firmiora,
1326 1675 1450 1715 quam
1481 1675 1587 1715 quae
1619 1676 1669 1702 ex

83 1734 220 1775 dubiis
250 1733 367 1774 facta
405 1734 505 1774 sunt
545 1732 671 1772 certa.
733 1730 903 1770 ‘caedes
936 1744 959 1769 a
991 1731 1031 1770 te
1064 1728 1286 1770 commissa
1324 1730 1408 1782 est,
1450 1731 1668 1770 cruentam

84 1801 195 1843 enim
228 1804 387 1842 uestem
417 1799 626 1840 habuisti’
659 1812 745 1838 11011
778 1799 841 1838 est
871 1799 959 1837 tam
990 1811 1121 1851 graue
1153 1798 1463 1851 argumentum,
1499 1796 1533 1837 31
1562 1796 1667 1838 fate-

82 1871 170 1923 tur,
221 1883 346 1923 quam
385 1867 419 1907 si
465 1865 745 1907 conuincitur.
807 1880 906 1905 nam
945 1865 978 1905 31
1023 1864 1204 1918 fatetur,
1251 1863 1396 1904 multis
1436 1878 1485 1905 ex
1532 1864 1666 1905 causis

82 1936 218 1991 potuit
250 1937 424 1976 cruenta
455 1948 544 1975 0330
575 1933 728 1974 uestis:
760 1933 794 1973 si
825 1934 970 1987 negat,
1004 1931 1073 1973 1110
1105 1946 1254 1973 causae
1287 1932 1501 1972 cardinem
1531 1932 1666 1986 ponit,

81 2071 248 2112 uidetur
278 2070 323 2111 in
354 2069 551 2124 negando
583 2068 836 2109 mentiturus
866 2068 1010 2122 fuisse,
1043 2067 1126 2108 nisi
1157 2068 1439 2121 desperasset,
1474 2067 1515 2107 id
1546 2081 1667 2121 posse

82 2139 263 2192 defendi,
295 2139 330 2179 si
362 2137 646 2179 confiteretur.

194 2204 466 2246 Firmissimis
512 2206 860 2258 argumentorum
902 2203 1081 2258 singulis
1120 2202 1387 2256 instandum,
1435 2202 1707 2244 infirmiora4

85 2273 384 2329 congreganda
426 2274 545 2325 sunt,
589 2271 686 2326 quia
722 2271 796 2311 illa
835 2285 910 2325 per
940 2285 982 2311 se
1013 2270 1141 2311 fortia
1171 2285 1257 2311 non
1289 2272 1456 2324 oportet
1491 2270 1665 2312 circum-

83 2341 295 2382 stantibus
335 2340 579 2392 obscurare,
618 2341 665 2378 ut
703 2338 843 2392 qualia
884 2340 983 2378 sunt
1020 2340 1275 2391 appareant,
1325 2338 1428 2378 haec
1467 2337 1666 2378 inbecilla

176 2468 190 2497 1
220 2465 399 2497 diuersari
424 2468 487 2496 aut
514 2475 554 2495 00
582 2464 643 2504 qui
668 2465 696 2494 A
789 2463 934 2504 aliquod
959 2464 996 2503 B,
1023 2468 1056 2494 nt
1081 2465 1166 2495 coni.
1196 2464 1334 2504 Regius:
1361 2462 1500 2503 aliquid
1525 2463 1582 2493 Ab

83 2516 102 2545 3
128 2511 379 2553 probationum
405 2511 480 2543 Ab:
508 2512 712 2541 orationum
739 2509 764 2538 B
862 2511 882 2540 4
908 2509 1089 2540 inuenerit
1113 2509 1170 2539 Ab
1263 2511 1408 2539 orator*
1433 2509 1461 2538 A
1576 2509 1595 2539 6
1621 2507 1664 2540 dc

83 2557 125 2588 B:
153 2567 195 2587 cx
220 2555 249 2586 A
276 2558 292 2587 l
311 2567 349 2587 m.
377 2556 408 2586 in
435 2566 502 2586 ras.
596 2555 830 2594 pronuntiant
853 2553 926 2584 Ab:
954 2554 1168 2585 renuntiant
1193 2554 1218 2583 B
1311 2554 1328 2584 7
1357 2553 1586 2594 applicentur
1612 2555 1664 2586 erl.

84 2603 197 2643 Camp.
315 2602 334 2632 8
360 2600 495 2631 ualent.
543 2599 607 2629 DE
633 2599 729 2630 USU
755 2598 1160 2630 ARGUMENTORUM
1186 2598 1240 2628 Ba
1339 2599 1376 2628 11
1405 2608 1511 2629 esse*
1536 2598 1564 2628 A

88 2648 125 2677 12
151 2656 252 2687 posse
277 2646 306 2676 A
400 2646 439 2676 13
466 2645 663 2675 horrebunt
688 2644 746 2674 Ab
841 2645 893 2674 eis
917 2645 974 2674 Ab
1069 2645 1108 2673 16
1135 2643 1252 2673 dubiis
1278 2644 1306 2673 A
1416 2644 1454 2674 17
1481 2642 1595 2674 occidi
1621 2641 1661 2674 A*

176 2693 215 2723 19
242 2691 445 2732 argumenti
470 2689 509 2720 A¹
629 2690 670 2720 20
696 2689 862 2720 inuentam
890 2692 943 2719 est
968 2689 996 2719 A
1111 2689 1149 2718 ‘21
1180 2688 1261 2719 illut
1285 2689 1337 2727 Bg
1451 2689 1493 2718 ‘22
1519 2688 1663 2719 interim

84 2746 234 2767 neccsse
262 2737 347 2768 coni.
375 2735 538 2776 Spalding]
632 2743 779 2774 quamq:
809 2744 851 2764 ex
874 2732 914 2763 A¹
1021 2734 1063 2764 23
1090 2733 1213 2764 caedis
1237 2733 1262 2763 B
1358 2734 1542 2763 cruentam
1569 2733 1663 2764 enim

86 2781 225 2819 Hessius:
253 2783 439 2812 cruentam
465 2780 505 2819 A,
533 2784 717 2810 eruentem
743 2779 769 2809 B
872 2780 915 2809 24
941 2778 970 2809 si
998 2778 1134 2809 fatetur
1160 2777 1263 2818 quasi
1290 2778 1532 2809 conuincitur.
1581 2788 1661 2809 nam

85 2825 114 2855 si
141 2825 275 2857 fatetur
301 2825 403 2866 quasi
423 2826 665 2857 conuincitur.
691 2833 772 2854 nam
790 2824 821 2854 si
841 2823 977 2854 fatetur
995 2822 1116 2853 inultiS
1142 2827 1203 2853 ecc.
1223 2823 1248 2853 B
1340 2824 1382 2854 25
1409 2832 1517 2862 quam
1536 2823 1576 2863 A,
1602 2824 1664 2854 secl

87 2880 118 2900 111
145 2871 177 2900 in
194 2880 262 2901 ras.
292 2871 428 2902 maioris
451 2871 554 2910 spatii
646 2869 749 2900 inulti
773 2868 813 2899 Α1
909 2869 950 2899 27
976 2878 1045 2899 non
1070 2868 1099 2898 A
1126 2869 1196 2898 lm.
1222 2879 1249 2900 s.
1276 2870 1296 2901 I,
1411 2868 1454 2899 28
1480 2868 1610 2899 fuisset
1634 2869 1663 2899 A

86 2918 161 2946 ante
186 2925 338 2946 rasuram
453 2917 495 2947 30
520 2914 715 2946 infirmiora
740 2914 792 2953 Bg
816 2924 904 2946 (forr.
933 2923 977 2944 ea·
1003 2912 1210 2944 111-1111111013
1325 2913 1364 2944 31
1391 2915 1511 2954 portet
1536 2913 1561 2943 B

86 2959 126 2990 32
150 2959 338 2992 inbecillia
360 2959 389 2990 A
