1939 3180
155 117 239 158 246
676 125 970 165 QUINTILIANI
1001 125 1120 156 msr.
1154 125 1229 155 OR.

158 231 359 272 adiuuare
389 230 537 284 possit.
600 228 642 270 id
675 231 817 269 autem
848 228 922 269 fiet
953 228 1181 269 memoriae
1212 228 1396 281 uiribus,
1435 228 1486 267 ut
1513 226 1609 279 illa,
1650 239 1758 280 quae

160 298 367 353 complexi
399 297 541 339 animo
564 312 721 351 sumus,
753 296 890 337 fluant
914 311 1076 350 secura,
1110 311 1197 337 11011
1214 292 1425 337 ‘sollicitos
1457 297 1499 336 et
1529 294 1757 349 respicien-

159 370 223 409 tes
264 368 306 408 et
344 381 430 407 una
469 381 543 421 spe
582 379 810 420 suspensos
857 365 1164 407 recordationis
1204 379 1290 406 non
1330 364 1476 405 sinant
1514 362 1757 417 prouidere:

161 435 317 490 alioqui
348 435 414 476 uel
448 434 781 489 extemporalem
819 433 1258 491 temeritatem-malo
1295 447 1421 491 quam
1459 431 1570 473 male
1611 430 1757 472 cohae—

121 504 143 545 7
161 506 327 545 rentem
359 503 678 558 cogitationem.
720 502 839 557 peius
862 502 977 543 enim
1007 501 1227 557 quaeritur
1257 502 1481 554 retrorsus,
1514 501 1627 555 quia,
1661 499 1760 540 dum

160 572 235 614 illa
266 572 570 626 desideramus,
605 571 659 612 ab
691 570 783 611 aliis
815 571 1067 624 auertimur,
1111 572 1153 611 et
1184 584 1234 611 ex
1271 569 1476 610 memoria
1514 569 1654 624 potius
1693 582 1760 609 res

161 640 347 695 petimus
379 654 505 695 quam
538 654 587 681 ex
618 639 811 680 materia.
855 638 978 693 plura
1000 640 1102 680 sunt
1123 640 1278 692 autem,
1312 638 1347 679 si
1377 639 1605 692 utcumque
1637 651 1761 692 quae-

162 709 342 750 rendum
375 711 451 762 est,
486 723 593 763 quae
623 707 812 749 inueniri
843 709 1024 761 possunt
1054 718 1180 762 quam
1201 720 1319 761 >quae
1351 706 1529 747 inuenta
1560 706 1675 746 sunt.

276 776 376 819 VII.
410 776 621 818 Maximus
653 790 753 817 uero
784 775 1021 817 studiorum
1041 775 1207 817 fructus
1230 776 1294 816 est
1316 776 1358 816 et
1388 774 1505 815 uelut
1526 774 1763 829 praemium

165 846 377 901 quoddam
409 844 717 900 amplissimum
738 844 859 900 longi
889 844 1047 886 laboris
1069 859 1120 886 ex
1150 846 1342 898 tempore
1364 842 1532 884 dicendi
1562 841 1761 896 facultas,

167 929 294 970 quam
325 914 395 969 qui
429 928 517 955 non
549 913 630 954 erit
662 915 937 966 consecutus,
977 927 1072 954 mea
1103 913 1272 967 quidem
1311 911 1527 953 sententia
1567 910 1764 952 ciuilibus

164 982 317 1024 officiis
349 982 618 1023 renuntiabit
648 983 690 1023 et
720 981 853 1023 solam
885 981 1098 1022 scribendi
1136 981 1387 1022 facultatem
1422 979 1564 1034 potius
1597 979 1649 1020 ad
1681 979 1764 1020 alia

165 1066 295 1106 opera
328 1053 561 1092 conuertet.
624 1050 696 1092 uix
728 1050 841 1091 enim
884 1050 1020 1091 bonae
1060 1050 1157 1091 fidei
1188 1049 1279 1090 uiro
1319 1048 1522 1090 conuenit
1560 1048 1765 1089 auxilium

166 1120 213 1161 111
244 1119 462 1175 publicum
493 1119 699 1174 polliceri,
742 1119 851 1173 quod
891 1117 1252 1173 praesentissimis
1291 1117 1527 1172 quibusque
1565 1116 1765 1171 periculis

166 1188 289 1243 desit,
319 1189 458 1230 instar
488 1190 651 1243 portus,
685 1187 737 1229 ad
769 1202 895 1242 quem
926 1187 1049 1228 nauis
1082 1186 1281 1228 accedere
1312 1185 1395 1226 nisi
1425 1185 1593 1226 lenibus
1625 1185 1766 1226 uentis
1806 1195 1818 1217 3

1784 854 1815 879 10

127 1256 152 1296 2
168 1259 291 1298 uecta
322 1271 410 1298 non
440 1257 595 1312 possit:
628 1255 839 1311 siquidem
860 1254 1192 1296 innumerabiles
1215 1254 1414 1295 accidunt
1435 1254 1601 1295 subitae
1624 1267 1766 1294 neces-
1785 1283 1791 1287 -

167 1326 316 1367 sitates
347 1325 416 1367 uel
448 1325 561 1380 apud
591 1324 871 1380 magistratus
902 1324 971 1365 uel
1002 1323 1335 1378 repraesentatis
1365 1322 1532 1364 iudiciis
1565 1322 1768 1364 continuo

170 1393 342 1450 agendi.
386 1409 566 1449 quarum
588 1393 623 1435 si
644 1408 740 1448 qua,
774 1407 859 1434 non
890 1392 984 1434 dieo
1007 1392 1255 1446 cuicumque
1277 1391 1573 1432 innocentium
1596 1390 1766 1443 ciuium,

169 1463 242 1505 sed
275 1463 507 1504 amicorum
539 1477 587 1504 ac
625 1462 961 1517 propinquorum
992 1461 1119 1502 alicui
1156 1461 1367 1514 euenerit,
1409 1459 1596 1500 stabitne
1628 1461 1769 1500 mutus

171 1534 212 1573 et
251 1531 484 1573 salutarem
525 1531 772 1586 petentibus
810 1545 957 1572 uocem
997 1529 1248 1584 statimque,
1289 1528 1324 1569 si
1364 1542 1450 1569 non
1482 1529 1767 1580 succurratur,

170 1599 371 1655 perituris
403 1615 542 1641 moras
565 1602 607 1641 et
628 1613 839 1640 secessum
863 1601 905 1639 et
929 1598 1148 1640 silentium
1180 1599 1368 1652 quaeret,
1404 1597 1503 1637 dum
1534 1596 1607 1637 illa
1640 1596 1770 1637 uerba

170 1668 436 1710 fabricentur
468 1671 510 1709 et
540 1668 769 1709 memoriae
800 1667 994 1708 insidant
1033 1668 1075 1708 et
1106 1680 1187 1707 uox
1220 1681 1269 1707 ac
1308 1666 1420 1706 latus
1460 1664 1770 1720 praeparetur?

130 1737 278 1793 3quae
310 1752 409 1778 uero
440 1737 605 1792 patitur
632 1736 712 1778 hoc
743 1736 866 1788 ratio,
901 1737 948 1776 ut
973 1734 1196 1789 quisquam
1218 1735 1354 1789 possit
1375 1736 1518 1775 orator
1540 1733 1768 1788 aliquando

172 1806 368 1848 omittere
402 1805 555 1846 casus?
593 1805 707 1860 quid,
744 1819 838 1845 cum
872 1804 1129 1845 aduersario
1153 1802 1496 1857 respondendum
1528 1801 1626 1854 erit,
1666 1800 1770 1842 fiet?

1790 1536 1822 1561 20

171 1890 273 1915 nam
305 1888 432 1928 saepe
465 1888 535 1927 ea,
578 1888 685 1928 quae
724 1872 891 1927 opinati
931 1887 1075 1913 sumus
1108 1874 1149 1913 et
1189 1873 1337 1912 contra
1369 1885 1474 1925 quae
1508 1869 1769 1923 scripsimus,
1791 1878 1823 1901 2³

172 1942 342 1996 fallunt,
376 1956 424 1983 ac
454 1944 545 1983 tota
577 1941 715 1983 subito
749 1956 875 1982 causa
908 1942 1118 1993 mutatur,
1163 1942 1288 1994 atque
1325 1941 1371 1980 ut
1406 1937 1685 1994 gubernatori
1719 1937 1770 1978 ad

173 2012 368 2053 incursus
399 2010 736 2064 tempestatium,
770 2009 831 2050 sic
863 2009 1010 2064 agenti
1043 2008 1093 2049 ad
1125 2008 1377 2049 uarietatem
1411 2021 1631 2048 causarum
1663 2006 1773 2047 ratio

135 2078 382 2120 4mutanda
415 2080 489 2119 est.
533 2078 631 2132 quid
654 2092 779 2132 porro
801 2077 958 2118 multus
990 2077 1112 2118 stilus
1144 2079 1185 2118 et
1218 2076 1393 2117 adsidua
1414 2075 1539 2117 lectio
1572 2076 1614 2116 01
1644 2074 1774 2129 longa

176 2148 409 2189 studiorum
442 2148 560 2188 aetas
591 2146 718 2200 facit,
760 2147 795 2187 si
833 2148 979 2187 manet
1017 2145 1164 2186 eadem
1203 2159 1310 2199 quae
1350 2144 1431 2184 fuit
1468 2142 1774 2197 incipientibus

267 2301 287 2330 3
314 2297 505 2339 prouidere
531 2298 611 2327 Mb:
642 2297 857 2337 praeuidere
883 2297 909 2327 B
1003 2298 1023 2326 4
1051 2295 1213 2337 alioquin
1238 2296 1306 2326 ΒΜ
1408 2293 1499 2324 male
1528 2296 1714 2334 gerentem
1740 2293 1775 2322 M

268 2346 287 2376 5
314 2344 395 2375 dum
415 2344 494 2374 Mb:
524 2354 602 2374 eum
621 2343 647 2373 B
742 2344 761 2374 6
787 2353 843 2375 res
870 2343 1026 2384 petimus
1045 2342 1088 2372 B:
1117 2342 1318 2381 repetimus
1336 2341 1371 2370 M
1464 2341 1482 2370 7
1509 2337 1553 2380 si]
1581 2338 1775 2369 strict**b

177 2391 343 2431 (margine
369 2388 514 2429 adcisa),
543 2389 694 2420 strutius
720 2390 791 2420 ΕΜ
919 2394 1113 2428 utcumque
1143 2386 1289 2418 Gesner:
1316 2390 1507 2426 utrumque
1533 2384 1622 2423 libri,
1650 2382 1775 2424 utique

178 2437 344 2477 Spalding
437 2436 456 2466 8
483 2432 579 2476 511111]
607 2436 757 2475 sequitur
782 2436 813 2465 in
839 2434 933 2465 libris
958 2434 1154 2474 z'nsae‘v‘z'plio:
1182 2430 1490 2473 Quemadmodum
1518 2429 1777 2472 extemporalis

179 2481 343 2513 facilitas
370 2483 517 2522 paretur
544 2484 580 2511 et
606 2480 835 2512 contineatur
951 2481 970 2511 0
998 2482 1033 2510 et
1058 2490 1119 2509 om.
1145 2479 1166 2509 b
1267 2477 1466 2519 praemium
1492 2476 1671 2517 quoddam
1698 2476 1776 2508 edd.

179 2534 330 2559 ueteres:
358 2527 492 2567 primus
520 2525 604 2566 quid
622 2527 690 2557 ΒΜ
785 2527 824 2556 10
851 2525 1007 2567 amphus
1033 2524 1120 2564 libri,
1148 2534 1205 2555 em.
1226 2525 1259 2555 in
1277 2524 1331 2554 ed.
1352 2523 1535 2553 Stoeriana
1630 2522 1667 2552 11
1696 2530 1777 2551 mea

179 2574 257 2604 Mb:
286 2583 329 2603 ea
355 2573 381 2603 B
500 2573 540 2603 13
567 2571 634 2603 fide
661 2573 681 2602 b
811 2573 851 2602 14
877 2582 946 2612 quo
972 2571 1007 2600 M
1124 2570 1159 2600 in
1188 2574 1371 2610 praesent.
1398 2569 1451 2599 ed.
1480 2568 1548 2599 Col.
1576 2569 1664 2598 1527

182 2621 223 2651 15
254 2620 371 2649 instar
403 2620 527 2659 portus
559 2618 638 2649 Car.
666 2617 797 2648 Mciser
829 2615 876 2656 (in
910 2617 994 2647 thesi
1020 2616 1194 2647 Momm-leil·
1225 2626 1257 2648 α.
1286 2616 1372 2646 1868
1402 2613 1533 2654 publice
1562 2611 1776 2653 proposita):

180 2665 318 2695 intrare
345 2667 486 2705 portum
513 2663 583 2693 ΒΜ
678 2663 747 2693 nisi
772 2663 815 2693 13:
843 2664 879 2692 ni
905 2663 951 2701 Μ,
979 2672 1049 2692 non
1074 2662 1094 2691 b
1189 2661 1311 2691 uentis
1338 2662 1423 2690 aeta
1450 2658 1594 2689 malebat
1612 2657 1778 2697 Spalding)

275 2712 314 2741 16
342 2708 523 2740 accedunt
547 2709 607 2739 Mb
727 2709 765 2739 17
793 2708 852 2739 uel
880 2708 931 2739 rei
957 2708 1140 2748 presentis
1166 2705 1259 2737 dicis
1285 2706 1456 2736 continuo
1482 2705 1517 2733 M
1634 2703 1674 2733 18
1701 2701 1777 2742 qui-

183 2766 335 2796 cumque
361 2756 393 2793 b⁷
422 2754 682 2795 cuiuscumque
700 2754 735 2784 Μ
829 2754 869 2784 21
897 2756 1050 2794 quaerat
1067 2753 1087 2782 b
1181 2753 1222 2782 22
1251 2750 1455 2782 fabricatur
1478 2749 1498 2778 b
1592 2748 1634 2778 23
1660 2747 1778 2777 oratio

182 2802 250 2831 BM
392 2800 507 2841 possit
535 2799 697 2831 Romen:
730 2799 777 2830 sit
800 2799 878 2830 libri
905 2802 1011 2839 (quae
1040 2808 1071 2830 u.
1099 2800 1171 2839 pat.
1199 2797 1268 2828 hoc
1294 2796 1404 2833 ratio,
1438 2797 1476 2824 ut
1509 2793 1698 2834 quisquam
1732 2792 1779 2822 sit

184 2850 307 2877 orator
335 2846 536 2887 imparatus
565 2845 609 2876 ad
637 2846 766 2876 casus?
794 2846 871 2877 edd.
899 2843 995 2883 aete.)
1081 2841 1279 2884 aliquando
1306 2842 1370 2873 del.
1398 2840 1543 2871 h’onnell
1632 2839 1675 2868 ⁶24
1701 2838 1781 2868 mit-

185 2895 261 2923 tvm
288 2892 369 2930 ΒΜ,
395 2892 512 2922 uitare
543 2891 680 2922 fream!
784 2890 878 2932 quod
906 2900 983 2920 eum
1011 2891 1046 2919 M
1154 2890 1196 2919 ‘26
1222 2890 1260 2918 ut
1284 2898 1343 2919 om.
1370 2886 1390 2917 b
1512 2885 1553 2916 27
1580 2886 1779 2923 tempesta-

185 2937 271 2966 tium
299 2938 341 2967 B:
371 2940 632 2978 tempestatum
655 2937 746 2971 Mbg
873 2934 932 2977 ad]
963 2939 1026 2965 aut
1050 2935 1070 2964 b
1195 2934 1236 2964 28
1264 2931 1419 2963 adsidua
1444 2931 1495 2960 M:
1524 2929 1637 2961 adsua
1664 2930 1688 2959 B

185 2984 227 3013 '229
253 2982 372 3013 studio
397 2982 447 3012 Bn
541 2982 601 3023 qui
625 2982 645 3012 b
