1939 3228
140 860 172 883 10

143 1201 175 1226 15

144 1542 176 1566 20

149 2221 181 2246 30

689 127 770 158 ΧΠ.
813 124 846 169 1,
869 121 1041 153 44-45.
1084 122 1119 166 2,
1144 119 1270 152 1—9.
1691 106 1775 149 325

188 233 444 290 degustarit,
486 231 778 272 dubitaturum
808 229 922 282 puto.
984 227 1035 267 ad
1066 225 1170 267 illud
1201 238 1381 279 sequens
1412 224 1680 277 praeuertar,
1721 236 1775 262 ne

189 301 357 344 dicendi
379 299 548 355 quidem
570 298 674 339 satis
696 297 877 350 peritum
899 295 1002 347 fore,
1036 294 1106 348 qui
1127 307 1215 334 non
1236 294 1278 333 et
1298 293 1478 332 naturae
1500 290 1587 331 uim
1609 303 1777 331 omnem

187 370 359 426 penitus
390 365 653 422 perspexerit
686 367 727 405 et
757 377 894 404 mores
925 361 1164 416 praeceptis
1197 375 1245 401 60
1267 360 1432 400 ratione
1452 358 1660 399 formarit.
1706 357 1816 399 rie-5

189 452 268 493 que
300 436 414 478 enim
445 435 604 475 frustra
642 432 687 472 in
717 432 844 472 tertio
884 430 933 471 de
966 429 1144 471 Oratore
1182 428 1290 468 libro
1322 427 1368 468 L.
1403 427 1578 468 Crassus
1611 427 1776 477 cuncta,

190 520 296 560 quae
328 504 377 544 de
410 516 564 557 aequo,
604 500 736 553 iusto,
777 513 899 551 uero,
940 498 1051 538 bono
1083 496 1215 550 deque
1247 495 1318 549 iis,
1360 509 1467 549 quae
1499 496 1597 534 sunt
1630 495 1777 534 contra

190 573 343 628 posita,
377 571 587 622 dicantur,
620 567 792 622 propria
824 580 914 607 esse
945 565 1123 606 oratoris
1156 563 1372 615 adfirmat,
1407 576 1455 603 60
1487 560 1776 616 philosophos,

191 655 286 682 cum
318 654 366 680 ea
397 637 563 679 dicendi
595 636 755 676 uiribus
785 635 982 686 tuentur,
1023 632 1085 673 uti
1116 631 1333 672 rhetorum
1372 629 1519 683 armis,
1559 643 1646 669 non
1677 628 1777 669 suis.

190 709 303 750 idem
334 710 479 748 tamen
512 704 751 757 confitetur,
785 717 833 743 ea
864 702 949 742 iam
980 714 1069 741 esse
1101 714 1125 739 a
1146 697 1415 752 philosophia
1437 697 1634 751 petenda,
1667 695 1780 735 uide-

189 777 292 818 licet
322 775 419 830 quia
450 773 588 827 magis
627 771 731 812 haec
769 770 831 812 illi
870 769 1038 810 uidetur
1074 768 1120 808 in
1158 766 1422 820 possessione
1461 779 1604 804 earum
1641 777 1781 804 rerum

190 845 335 885 fuisse.
396 842 497 883 hinc
528 840 657 882 etiam
688 839 791 880 illud
822 840 899 891 est,
933 836 1042 891 quod
1073 834 1219 877 Cicero
1250 833 1441 888 pluribus
1472 832 1591 872 libris
1623 833 1665 872 et
1696 831 1820 884 epi-(3

192 911 313 954 stulis
343 911 539 962 testatur,
572 907 739 949 dicendi
769 905 1020 947 facultatem
1052 918 1101 944 ex
1132 902 1295 943 intimis
1327 900 1562 954 sapientiae
1592 898 1782 940 fontibus

192 981 341 1032 fluere,
384 978 560 1031 ideoque
602 974 860 1029 aliquamdiu
901 974 1197 1027 praeceptores
1244 969 1412 1010 eosdem
1450 967 1580 1008 fuisse
1619 980 1782 1006 morum

194 1051 319 1102 atque
351 1044 532 1086 dicendi.
595 1044 852 1098 quapropter
882 1041 986 1082 haec
1020 1038 1258 1080 exhortatio
1289 1051 1381 1078 mea
1404 1051 1491 1077 non
1513 1049 1559 1076 eo
1581 1033 1781 1088 pertinet,

192 1119 240 1158 ut
279 1129 369 1157 esse
409 1115 619 1154 oratorem
658 1109 957 1165 philosophum
1004 1108 1153 1160 uelim,
1204 1105 1374 1160 quando
1420 1118 1507 1145 non
1547 1102 1629 1143 alia
1668 1101 1783 1142 uitae

195 1186 311 1226 secta
340 1181 510 1237 longius
543 1195 566 1221 a
599 1179 792 1221 ciuilibus
825 1177 977 1218 officiis
1010 1178 1136 1230 atque
1168 1174 1221 1215 ab
1253 1173 1368 1214 omni
1398 1185 1573 1213 munere
1605 1169 1783 1210 oratoris

194 1251 384 1294 recessit.
445 1264 545 1290 nam
576 1248 668 1302 quis
699 1246 1048 1302 philosophorum
1088 1245 1161 1284 aut
1199 1243 1244 1282 in
1283 1240 1449 1281 iudiciis
1480 1239 1681 1293 frequens
1713 1239 1821 1278 61117

196 1321 332 1362 clarus
364 1318 407 1359 in
441 1316 711 1358 contionibus
743 1313 857 1355 fuit‘?
906 1313 998 1367 quis
1021 1312 1200 1365 denique
1232 1310 1276 1350 in
1307 1310 1413 1363 ipsa,
1448 1321 1571 1361 quam
1603 1305 1785 1345 maxime

194 1388 384 1443 plerique
416 1384 706 1440 praecipiunt,
746 1382 808 1423 rei
839 1381 1034 1436 publicae
1067 1377 1436 1420 administratione
1468 1376 1660 1415 uersatus
1693 1372 1786 1413 est'?

195 1456 314 1510 atqui
347 1469 425 1509 ego
456 1453 590 1506 illuni,
632 1465 755 1506 quem
786 1450 985 1502 instituo,
1025 1448 1266 1489 Romanum
1297 1444 1507 1499 quendam
1538 1441 1665 1482 uelim
1697 1454 1786 1481 esse

197 1524 456 1586 sapientem,
499 1521 569 1576 qui
600 1534 694 1561 non‘
718 1518 891 1559 secretis
924 1514 1304 1571 disputationibus,
1346 1512 1418 1553 sed
1454 1524 1594 1551 rerum
1626 1508 1787 1563 experi-

194 1591 352 1633 mentis
384 1593 509 1645 atque
540 1588 738 1644 operibus
769 1601 809 1627 se
839 1600 937 1626 uere
971 1584 1137 1626 ciuilem
1168 1583 1305 1623 uirum
1337 1579 1548 1621 exhibeat.
1592 1577 1663 1618 sed
1686 1575 1823 1630 quiaS

196 1661 363 1702 deserta
395 1658 448 1699 ab
479 1658 566 1711 his,
608 1658 678 1711 qui
717 1670 760 1696 se
801 1655 853 1695 ad
892 1652 1177 1708 eloquentiam
1218 1648 1511 1699 contulerunt,
1553 1644 1692 1686 studia
1725 1658 1787 1685 sa-

197 1728 384 1783 pientiae
412 1739 499 1767 non
530 1726 615 1766 16111
646 1725 692 1765 111
724 1726 821 1764 60111
854 1737 927 1763 3110
959 1724 1087 1775 atque
1116 1720 1162 1760 in
1201 1718 1280 1759 hac
1311 1716 1393 1757 fori
1423 1715 1515 1756 luce
1546 1714 1785 1765 uersantur,

199 1797 272 1838 sed
303 1797 349 1836 in
380 1794 568 1849 porticus
601 1795 642 1834 et
673 1793 718 1833 in
750 1791 974 1847 gymnasia
997 1789 1194 1844 primum,
1227 1799 1323 1826 mox
1345 1785 1390 1824 in
1414 1783 1648 1824 conuentus
1670 1779 1788 1820 30110-

146 1882 175 1905 ιν·
199 1866 334 1906 larum
366 1864 646 1914 recesserunt,
681 1860 736 1914 id,
770 1859 879 1914 quod
902 1860 966 1899 est
986 1856 1144 1898 oratori
1166 1852 1452 1896 necessarium
1474 1864 1552 1891 1160
1575 1864 1598 1889 6
1621 1847 1789 1889 (110611(11

198 1930 545 1988 praeceptoribus
576 1928 771 1981 traditur,
804 1927 856 1967 ab
887 1926 937 1966 iis
969 1927 1112 1979 petere
1143 1922 1343 1964 nimirum
1372 1932 1544 1961 necesse
1567 1919 1643 1970 est,
1663 1916 1790 1971 ,apud

199 2015 301 2056 quos
332 1998 560 2040 remansit:
593 1995 816 2037 euoluendi
846 1993 1018 2049 penitus
1051 1993 1263 2044 auctores,
1297 1988 1369 2043 qui
1400 1987 1449 2028 de
1480 1987 1639 2027 uirtute
1670 1998 1789 2039 prae-

201 2068 385 2123 cipiunt,
425 2068 473 2107 ut
504 2065 683 2127 oratoris
721 2065 812 2104 uita
843 2076 936 2103 cum
969 2060 1149 2102 scientia
1187 2058 1428 2099 diuinarum
1459 2069 1599 2096 rerum
1631 2053 1687 2094 sit
1716 2052 1790 2092 hu-

199 2128 521 2188 manarumque
538 2132 780 2174 coniuncta.
842 2144 948 2184 quae
980 2129 1096 2182 ipsae
1129 2128 1288 2182 quanto
1309 2125 1488 2165 maiores
1511 2137 1559 2163 60
1580 2110 1830 2176 1)1110111·10-9

200 2219 266 2245 res
298 2203 559 2254 uiderentur,
593 2201 627 2241 si
660 2199 754 2239 illas
786 2198 816 2238 ii
847 2198 1060 2249 docerent,
1094 2196 1163 2249 qui
1196 2194 1324 2235 ctiam
1354 2191 1492 2245 eloqui
1513 2188 1790 2245 praestantis-

201 2272 305 2313 sime
336 2268 542 2325 possent?
608 2268 857 2320 utinamque
896 2265 952 2305 sit
988 2266 1154 2317 tempus
1193 2274 1412 2315 uinquam,
1453 2272 1534 2313 quo
1575 2257 1790 2312 perfectus

293 2399 324 2429 4.
351 2407 432 2438 cap.
459 2397 513 2429 20.
541 2396 595 2428 27.
623 2395 724 2435 impr.
752 2394 804 2424 31.

296 2512 312 2542 1
341 2508 546 2551 degustarit
569 2508 622 2540 M:
650 2506 863 2547 degustaret
886 2504 912 2535 B
1006 2506 1221 2544 praeuertar
1245 2501 1331 2532 BM:
1358 2502 1524 2531 reuertar
1547 2498 1568 2528 b
1668 2498 1687 2528 2
1714 2496 1791 2527 fore

204 2569 264 2590 om.
291 2558 312 2588 b
405 2558 424 2587 3
451 2552 635 2596 prospexit
659 2552 694 2581 M
788 2549 894 2580 moris
920 2549 941 2579 b
1050 2549 1069 2579 6
1095 2546 1283 2578 adfirmate
1313 2543 1546 2585 philosophos
1573 2552 1651 2573 cum
1678 2541 1722 2572 ad
1749 2552 1793 2573 ea

206 2601 354 2634 dicendi
379 2600 518 2631 iuribus
543 2599 564 2628 b
658 2597 678 2626 S
702 2596 774 2626 iam
802 2606 859 2626 om.
887 2595 934 2633 M,
964 2603 1044 2625 esse
1072 2603 1092 2623 a
1118 2603 1178 2624 om.
1205 2592 1226 2622 b
1320 2592 1339 2622 0
1366 2589 1449 2631 quia
1474 2587 1706 2630 possessione
1734 2597 1792 2618 ea·

205 2658 281 2679 rum
308 2656 426 2678 rarum
453 2643 531 2683 (om.
558 2641 687 2681 mediis)
714 2642 734 2671 b
837 2641 876 2671 10
903 2643 939 2671 et
964 2638 1067 2669 libris
1093 2638 1113 2668 b
1208 2638 1249 2667 13
1277 2635 1457 2666 exortatio
1483 2634 1509 2664 B
1611 2634 1651 2664 15
1677 2631 1792 2673 longi-

204 2693 276 2724 lius
304 2691 395 2733 agili
421 2689 554 2720 officiis
578 2688 598 2718 b
718 2686 757 2716 16
783 2683 1079 2726 philosophorum
1107 2693 1150 2713 60
1177 2681 1308 2712 iudicis
1333 2681 1354 2710 b
1479 2680 1517 2710 17
1546 2678 1629 2718 quid
1654 2678 1689 2707 M

207 2740 248 2770 19
275 2741 385 2777 atque
410 2736 490 2774 ΒΜ,
519 2745 577 2765 em.
605 2736 638 2762 z'n
663 2732 717 2762 erl.
743 2731 838 2763 dens,
933 2739 1000 2767 ego
1025 2729 1062 2759 b:
1092 2738 1133 2758 eo
1159 2727 1224 2757 ΒΜ
1319 2726 1359 2756 ‘21
1387 2733 1424 2756 Se
1450 2724 1583 2755 addidit
1610 2723 1731 2764 Heyizcs

204 2785 245 2814 22
272 2784 352 2823 quis
379 2781 424 2812 ab
450 2781 471 2810 b
541 2780 582 2809 ⁴33
611 2780 713 2807 actus
738 2776 759 2806 b
829 2776 872 2806 24
896 2775 1042 2816 porticu
1060 2772 1125 2803 sed
1142 2773 1163 2802 b
1235 2771 1327 2802 etin
1351 2771 1388 2800 b:
1409 2771 1447 2800 in
1472 2780 1532 2801 om.
1552 2769 1622 2798 BM
1701 2768 1744 2798 25
1770 2777 1791 2797 a

207 2827 355 2859 dicendi
380 2826 459 2856 Mb:
489 2821 673 2855 adiciendi
698 2821 724 2850 B
818 2821 858 2851 27
887 2818 1081 2850 euoluendi
1109 2815 1270 2857 (uolendi
1286 2816 1323 2853 b)
1349 2815 1493 2856 penitus
1520 2817 1689 2844 auctores
1706 2813 1790 2843 BM:

209 2872 424 2904 euoluendis
450 2881 483 2911 p.
513 2867 724 2900 auctoribus
750 2866 802 2896 ed.
830 2865 943 2905 Camp.
970 2868 1003 2894 et
1027 2871 1047 2896 ς
1170 2860 1380 2902 percipiunt
1405 2862 1468 2890 6111
1491 2860 1511 2889 b
1641 2859 1684 2889 29
1710 2868 1792 2889 con—

207 2919 309 2948 111016
332 2918 353 2948 b
448 2926 490 2946 ac
516 2914 603 2945 BM:
631 2913 664 2943 10
688 2912 708 2941 b
737 2910 796 2949 (eae
821 2907 923 2951 sie?)‚
949 2909 1007 2939 hic
1027 2909 1051 2938 Τ
1144 2908 1187 2938 30
1212 2906 1398 2937 uideretur
1414 2905 1434 2935 b
1528 2903 1614 2935 illas
1639 2901 1680 2944 ii]
1706 2902 1792 2934 illas

210 2962 244 2995 .l.
270 2963 306 3002 B,
336 2961 401 2992 illa
428 2961 460 2992 si
483 2961 515 2999 b,
543 2958 609 2990 illa
635 2956 781 2989 scilicet
804 2955 839 2985 M
934 2953 1127 2985 doceretur
1149 2952 1170 2982 b
1263 2952 1304 2983 31
1331 2953 1481 2992 possunt
1504 2950 1539 2979 M
