1955 3228
657 90 705 122 11.
764 88 798 134 4,
830 82 987 118 41-—425
1023 88 1056 132 5,
1090 85 1223 118 1-13,
1685 73 1738 113 83

142 214 237 241 cum
267 198 449 250 facilius,
481 197 573 236 tum
604 194 732 236 etiam
762 192 897 233 multo
927 191 1095 232 uidetur
1124 190 1262 245 magis
1283 188 1400 242 utile,
1430 188 1546 228 facto
1569 186 1739 227 silentio

140 281 274 308 unum
305 265 502 320 aliquem,
536 262 646 318 quod
675 261 815 315 ipsum
845 259 1046 313 imperari
1068 273 1144 312 per
1165 257 1281 298 uices
1300 256 1509 311 optimum
1530 256 1606 307 est,
1641 267 1738 294 con-

143 335 318 376 stituere
348 333 565 385 lectorem,
597 332 645 371 ut
674 328 868 384 protinus
899 325 1240 381 pronuntiationi
1271 338 1435 378 quoque
1465 322 1737 363 adsuescant:

112 406 234 444 ·t·um
272 401 464 455 exposita
505 413 652 452 causa,
699 396 745 437 in
783 409 910 450 quam
948 394 1107 448 scripta
1144 393 1310 446 legetur
1347 390 1482 431 oratio
1522 390 1642 444 (nam
1679 387 1779 429 sic7

110 488 126 513 5
147 470 300 512 clarius
322 482 428 523 quae
450 467 645 508 dicentur
666 463 862 517 intellegi
884 462 1120 516 poterunt),
1143 459 1252 500 nihil
1274 459 1454 499 otiosum
1475 457 1581 512 pati,
1615 456 1741 511 quod-

145 553 224 593 que
255 538 301 578 in
332 535 581 577 inuentione
612 532 802 587 quodque
833 531 879 571 in
911 529 1148 569 elocutione
1187 525 1478 567 adnotandum
1509 525 1602 578 erit,
1636 538 1741 578 quae

147 607 192 647 in
225 604 438 659 prooemio
462 600 719 644 conciliandi
739 598 889 640 iudicis
911 597 1032 649 ratio,
1063 609 1170 649 quae
1191 592 1397 635 narrandi
1417 592 1503 645 lux,
1536 591 1740 644 breuitas,

151 674 268 727 fides,
300 671 409 726 quod
441 668 666 724 aliquando
698 665 920 708 consilium
951 666 992 705 et
1022 677 1148 717 quam
1170 661 1336 702 occulta
1359 659 1590 701 calliditas:
1622 673 1739 699 nam-
1757 657 1781 697 8

149 755 229 796 que
261 755 309 781 ea
340 739 429 780 sola
459 738 504 778 in
534 737 616 778 hoc
648 749 716 776 ars
748 736 830 787 est,
872 746 978 786 quae
1016 729 1211 783 intellegi
1250 728 1331 768 nisi
1373 727 1424 768 ab
1465 726 1626 767 artifice
1647 740 1744 766 non

101 827 131 850 10
150 808 303 862 possit:
335 807 495 860 quanta
526 805 725 857 deinceps
755 802 801 842 in
832 798 1058 840 diuidendo
1089 796 1331 851 prudentia,
1366 809 1492 849 quam
1514 793 1680 835 subtilis
1703 795 1745 834 et

153 875 299 916 crebra
341 871 678 928 argumentatio,
723 869 873 924 quibus
913 866 1074 907 uiribus
1113 863 1315 917 inspiret,
1359 877 1441 916 qua
1479 861 1744 902 iucunditate

152 941 427 997 permulceat,
460 941 620 994 quanta
651 938 696 978 in
727 935 965 977 maledictis
988 932 1209 987 asperitas,
1233 931 1278 971 in
1301 930 1402 971 iocis
1424 929 1659 981 urbanitas,
1692 931 1740 968 ut
1764 926 1769 930 ⁴

152 1009 332 1064 denique
363 1007 604 1048 dominetur
634 1006 679 1046 in
712 1003 947 1045 adfectibus
981 1002 1107 1054 atque
1138 1000 1184 1040 in
1214 1001 1388 1053 pectora
1419 997 1638 1050 inrumpat
1660 996 1748 1036 ani-

152 1090 349 1130 mumque
380 1074 567 1116 iudicum
599 1072 779 1114 similem
801 1071 865 1123 iis,
898 1083 1005 1124 quae
1028 1068 1145 1121 dicit,
1181 1067 1352 1107 efficiat.
1405 1068 1495 1105 tum
1516 1065 1561 1105 in
1583 1062 1788 1104 ratione9

105 1162 134 1187 15
154 1143 390 1199 eloquendi,
423 1141 532 1197 quod
563 1141 739 1182 uerbum
761 1138 993 1193 proprium,
1027 1137 1239 1187 ornatum,
1273 1133 1473 1175 sublime:
1505 1132 1577 1172 ubi
1601 1131 1747 1185 ampli-

153 1213 296 1254 ficatio
326 1210 559 1262 laudanda,
601 1222 708 1263 quae
741 1207 876 1247 uirtus
918 1206 954 1246 ei
988 1203 1222 1245 contraria:
1263 1201 1363 1256 quid
1394 1201 1580 1254 speciose
1611 1202 1750 1239 trans-

152 1280 300 1333 latum,
332 1293 439 1333 quae
469 1278 606 1332 figura
636 1276 874 1327 uerborum,
909 1286 1014 1326 quac
1045 1271 1150 1312 leuis
1183 1273 1225 1310 et
1255 1269 1481 1323 quadrata,
1514 1267 1585 1308 sed
1616 1266 1751 1307 uirilis

153 1351 299 1389 tamen
331 1344 591 1400 compositio.

268 1414 333 1456 Ne
363 1414 406 1454 id
437 1412 605 1468 quidem
636 1410 800 1463 inutile,
833 1409 962 1450 etiam
995 1409 1214 1461 corruptas
1247 1404 1475 1458 aliquando
1507 1405 1549 1443 et
1578 1402 1752 1442 uitiosas
1769 1400 1821 1439 10

106 1502 139 1527 ρο
157 1483 371 1525 orationes
380 1515 390 1535 ,
433 1495 538 1535 quas
575 1482 721 1520 tamen
759 1478 948 1532 plerique
987 1475 1237 1517 iudiciorum
1277 1473 1490 1527 prauitate
1529 1470 1750 1522 mirantur,

157 1551 245 1606 legi
277 1549 419 1605 palam
450 1547 699 1601 ostendique
730 1546 775 1586 in
813 1545 901 1598 his,
943 1558 1069 1598 quam
1108 1541 1241 1583 multa
1280 1539 1519 1594 inpropria,
1559 1537 1751 1589 obscura,

157 1618 335 1670 tumida,
366 1616 557 1668 humilia,
590 1614 773 1667 sordida,
806 1613 980 1665 lasciua,
1015 1610 1259 1651 effeminata
1292 1609 1398 1649 sint:
1431 1620 1538 1660 quae
1560 1619 1646 1645 11011
1667 1604 1753 1644 lau-

159 1688 316 1727 dantur
345 1684 468 1725 modo
500 1698 523 1723 a
545 1682 769 1737 plerisque,
801 1681 887 1733 sed,
921 1678 1031 1734 quod
1054 1680 1118 1719 est
1139 1677 1270 1731 peius,
1302 1676 1474 1729 propter
1502 1673 1582 1713 hoc
1602 1672 1754 1726 ipsum,

160 1754 270 1809 quod
302 1755 402 1793 sunt
431 1766 576 1806 praua,
607 1749 851 1790 laudantur.
903 1762 1003 1787 nam
1036 1759 1172 1786 sermo
1203 1746 1344 1785 rectus
1366 1744 1408 1783 et
1429 1740 1660 1782 secundum
1681 1753 1753 1779 na-
1773 1738 1820 1777 11

109 1839 142 1864 25
161 1825 301 1863 turam
332 1819 578 1862 enuntiatus
608 1817 717 1859 nihil
738 1817 895 1857 habere
918 1830 967 1856 ex
991 1813 1167 1869 ingenio
1188 1812 1376 1852 uidetur:
1407 1808 1481 1850 illa
1503 1822 1616 1861 uero,
1650 1820 1756 1860 quae

161 1893 392 1943 utcumque
413 1887 575 1928 deflexa
596 1888 711 1937 sunt,
744 1887 961 1938 tamquam
983 1881 1258 1936 exquisitiora
1280 1879 1496 1929 miramur,
1528 1889 1614 1916 11011
1637 1874 1759 1915 aliter

162 1971 289 2013 quam
320 1955 509 1997 distortis
541 1956 583 1995 et
613 1966 876 2008 quocumque
915 1951 1038 1991 modo
1077 1946 1330 2003 prodigiosis
1372 1943 1616 1998 corporibus
1648 1941 1759 1995 apud

163 2025 366 2081 quosdam
396 2023 531 2064 maius
563 2024 627 2062 est
664 2021 849 2075 pretium
888 2033 1013 2073 quam
1050 2018 1122 2070 iis,
1165 2029 1272 2070 quae
1309 2012 1418 2054 nihil
1457 2026 1506 2052 ex
1549 2009 1777 2051 communi*

165 2093 314 2134 habitu
338 2091 436 2133 boni
458 2089 745 2144 perdiderunt.
790 2089 915 2141 atque
945 2086 1073 2126 etiam
1096 2084 1166 2138 qui
1189 2082 1327 2137 specie
1350 2080 1590 2133 capiuntur,
1623 2076 1756 2117 uulsis
1777 2075 1826 2115 12

115 2161 401 2215 3()leuatisque
439 2160 481 2199 et
518 2157 683 2198 inustas
725 2169 865 2196 comas
905 2168 982 2194 acu
1022 2151 1285 2193 comentibus
1325 2150 1367 2189 et
1399 2161 1486 2188 11011
1518 2159 1591 2186 suo
1624 2144 1760 2185 colore

167 2228 314 2270 nitidis
346 2227 439 2281 plus
472 2240 561 2266 esse
591 2224 753 2265 formae
785 2224 952 2277 putant,
985 2234 1112 2274 quam
1143 2219 1277 2273 possit
1307 2216 1493 2257 tribuere
1514 2213 1761 2265 incorrupta

168 2299 334 2348 natura,
366 2296 413 2335 ut
442 2291 713 2347 pulchritudo
746 2290 932 2344 corporis
964 2288 1110 2329 uenire
1142 2285 1336 2327 uideatur
1368 2298 1417 2324 ex
1439 2281 1560 2322 malis
1582 2293 1758 2320 morum.

281 2362 429 2415 Neque
461 2360 595 2400 solum
626 2359 731 2399 haec
762 2359 852 2412 ipse
884 2355 1053 2397 debebit
1086 2354 1234 2395 docere
1265 2351 1535 2406 praeceptor,
1578 2346 1649 2387 scd
1680 2345 1761 2385 fre-
1779 2344 1828 2384 13

170 2432 349 2486 quenter
385 2429 652 2481 interrogare
693 2428 734 2466 et
772 2425 972 2466 iudicium
1012 2421 1315 2476 discipulorum
1347 2415 1541 2471 experiri.
1602 2415 1661 2453 sic
1692 2427 1762 2452 au-

121 2514 153 2538 35
173 2497 387 2539 clientibus
426 2494 630 2537 securitas
671 2493 808 2534 aberit
846 2506 926 2533 nec
964 2504 1071 2545 quae
1102 2489 1296 2530 dicentur
1328 2483 1588 2537 superfluent
1618 2493 1760 2520 aures:

267 2649 283 2679 1
310 2645 521 2689 prouidetur
546 2644 566 2675 b
665 2645 685 2674 3
711 2646 883 2683 protenus
909 2640 967 2677 Bn,
995 2642 1173 2680 quatenus
1199 2637 1250 2675 Bg
1277 2637 1345 2665 lm.
1466 2632 1505 2662 14
1530 2630 1586 2660 his
1611 2628 1672 2659 AB

178 2696 218 2726 16
243 2694 405 2734 speciose
430 2690 459 2722 A
551 2688 724 2720 tralatum
749 2686 775 2717 B
888 2687 926 2717 17
954 2685 1017 2716 sed
1043 2682 1114 2714 Ab:
1143 2693 1203 2713 om.
1229 2681 1254 2710 B
1372 2678 1412 2709 18
1439 2675 1637 2716 composito
1663 2672 1704 2703 A1
1732 2677 1766 2703 ut

175 2740 310 2770 uidetur
402 2738 445 2768 20
470 2736 646 2766 mirantur
670 2730 740 2763 Ab:
769 2732 941 2762 mirentur
966 2731 991 2760 B
1085 2730 1123 2759 21
1152 2726 1274 2767 palam
1299 2722 1382 2753 AB:
1409 2721 1530 2762 palam
1559 2718 1681 2760 pueris
1699 2719 1719 2748 b

177 2786 219 2816 23
245 2783 392 2825 plerisq.
417 2781 447 2812 A
538 2780 581 2811 28
607 2777 787 2820 praetium
812 2775 841 2806 A
934 2775 989 2806 his
1014 2774 1042 2804 A
1136 2769 1316 2802 communi
1340 2767 1468 2798 habitu
1494 2765 1579 2797 boni
1604 2765 1632 2795 A
1656 2765 1763 2795 solus:

180 2828 377 2860 communis
402 2826 551 2857 habitus
578 2823 680 2855 bonis
706 2822 731 2852 B
847 2822 888 2852 29
915 2820 1017 2861 atqui
1044 2819 1189 2848 Mcz'ster
1213 2816 1246 2846 in
1272 2814 1394 2845 I’lzilol.
1418 2810 1529 2851 VIII,
1550 2811 1617 2840 183
1725 2809 1766 2838 3¹)

181 2874 302 2905 colore
327 2871 357 2903 A
381 2873 414 2903 in
439 2881 510 2904 rus.
611 2870 652 2900 32
679 2876 814 2898 morum
841 2866 883 2898 B:
912 2864 1071 2896 moribus
1096 2861 1168 2898 Ab;
1195 2860 1241 2900 ef.
1269 2858 1387 2899 Slmld.
1415 2857 1529 2888 adnot.
1555 2857 1631 2886 crit.
1725 2856 1766 2883 :33

181 2919 322 2951 debebit
346 2917 375 2947 A
467 2917 510 2948 35
536 2914 711 2945 docentur
737 2914 761 2943 Τ

1446 2956 1493 2989 0²³⁷
