1987 3212
302 94 381 136 198
820 103 1111 142 QUINTILIANI
1143 103 1262 134 1Nsr.
1296 103 1370 133 OR.

299 208 414 258 nunt.
447 221 584 261 neque
601 206 715 247 enim
731 207 796 247 est
811 220 898 247 una
919 206 987 247 lex
1011 206 1271 248 defensionis
1292 207 1535 261 certumque
1555 209 1886 264 praescriptum:

299 289 375 330 pro
405 289 464 328 re,
497 289 573 329 pro
603 276 793 329 tempore
824 274 1031 324 intuenda
1060 289 1168 329 quae
1198 274 1374 329 prosint,
1408 276 1532 330 atque
1552 277 1600 317 ut
1621 277 1702 318 erit
1722 277 1887 332 uulnus,

300 343 361 384 ita
390 342 459 383 uel
491 342 723 384 curandum
744 343 954 397 protinus,
987 342 1068 396 uel,
1102 343 1137 383 si
1164 342 1330 385 'curatio
1351 341 1510 384 differri
1530 345 1683 398 potest,
1715 345 1889 387 interim

234 409 288 451 85
301 410 590 466 deligandum.
647 425 727 452 1160
764 410 931 465 saepius
970 425 1144 452 narrare
1169 408 1373 452 'duxerim
1411 410 1554 466 nefas,
1595 412 1705 467 quod
1743 412 1889 455 Cicero

299 493 375 533 pro
408 477 605 521 Cluentio
635 478 760 520 fecit:
800 481 945 533 estque
975 493 1063 520 non
1095 492 1343 520 concessum
1374 479 1518 533 modo,
1559 479 1631 521 sed
1663 480 1924 535 aliquando5

300 546 429 588 etiam
459 547 760 601 necessarium,
793 548 842 588 ut
870 547 915 588 in
948 547 1085 588 causis
1106 546 1435 606 repetundarum
1464 547 1754 603 omnibusque,
1785 564 1891 603 quae

301 614 516 670 simplices
546 630 635 656 non
666 617 785 656 sunt:
818 615 999 657 amentis
1031 617 1095 657 est
1116 614 1230 656 enim
1251 615 1550 669 superstitione
1571 618 1892 671 praeceptorum

236 681 290 723 86
308 684 456 725 contra
486 683 697 725 rationem
728 698 879 725 causae
899 683 1027 724 trahi.
1069 683 1362 725 narrationem
1382 683 1476 724 ideo
1499 685 1598 724 ante
1619 684 1893 739 probationes

300 765 457 805 ponere
489 753 553 793 est
582 751 843 806 institutum,
883 766 937 793 ne
966 751 1115 806 iudex,
1156 766 1239 806 qua
1269 751 1320 792 de
1350 765 1394 792 re
1425 753 1667 806 quaeratur,
1708 752 1889 808 ignoret.

302 834 376 861 cur
405 820 551 875 igitur,
585 821 620 861 si
651 819 821 875 singula
851 819 1072 874 probanda
1093 821 1168 861 aut
1188 819 1420 861 refellenda
1442 822 1580 874 erunt,
1612 834 1700 861 non
1722 821 1893 876 singula
1912 838 1944 864 1ο

302 888 431 929 etiam
462 887 722 930 narrentur?
771 902 838 929 me
871 890 998 942 certe,
1032 890 1373 944 quantacumque
1403 888 1561 929 nostris
1592 888 1893 943 experimentis

301 956 498 998 habenda
529 958 593 997 est
622 956 746 1010 fides,
786 956 938 998 fecisse
969 956 1049 998 hoc
1079 957 1125 998 in
1154 956 1268 1011 foro,
1311 957 1506 1011 quotiens
1535 956 1596 997 ita
1626 955 1894 998 desiderabat

303 1024 480 1078 utilitas,
512 1024 794 1079 probantibus
827 1026 868 1065 et
899 1024 1075 1066 eruditis
1108 1026 1149 1065 et
1178 1025 1251 1079 iis,
1295 1025 1366 1080 qui
1396 1023 1668 1079 iudicabant,
1707 1024 1814 1066 scio:
1853 1027 1895 1066 et

305 1092 434 1147 (quod
472 1107 559 1134 non
597 1093 860 1148 adroganter
898 1092 1096 1147 dixerim,
1138 1092 1235 1147 quia
1273 1094 1374 1134 sunt
1411 1091 1604 1147 plurimi,
1646 1092 1895 1147 quibuscum

304 1161 387 1216 egi,
428 1161 499 1216 qui
530 1175 597 1202 me
628 1161 820 1202 refellere
851 1161 1036 1216 possint,
1077 1161 1111 1201 si
1141 1160 1344 1216 mentiar)
1381 1160 1470 1202 fere
1509 1176 1533 1201 a
1570 1175 1636 1202 1116
1673 1161 1894 1215 ponendae
1916 1178 1946 1203 15

235 1226 287 1267 87
305 1243 455 1270 causae
487 1229 675 1270 officium
707 1229 969 1284 exigebatur.
1031 1243 1167 1284 neque
1206 1228 1299 1270 ideo
1337 1231 1482 1270 tamen
1520 1243 1607 1270 non
1645 1228 1688 1269 id
1727 1230 1895 1284 saepius

301 1297 443 1338 facere
480 1297 711 1352 oportebit,
759 1299 808 1338 ut
845 1311 985 1338 rerum
1023 1296 1212 1338 ordinem
1252 1311 1489 1352 sequamur.
1554 1297 1760 1352 quaedam
1796 1312 1896 1338 11610

304 1365 433 1406 etiam
462 1366 646 1421 turpiter
678 1367 999 1419 conuertuntur,
1031 1367 1080 1406 1113
1110 1365 1146 1406 si
1176 1365 1389 1419 peperisse
1420 1379 1588 1419 narres,
1620 1364 1769 1406 deinde
1802 1379 1897 1406 con·

305 1433 488 1488 cepisse,
531 1435 726 1488 apertum
756 1435 1083 1488 testamentum,
1126 1432 1277 1474 deinde
1317 1433 1556 1488 signatum,
1595 1432 1641 1473 in
1680 1432 1831 1487 quibus
1862 1433 1897 1474 si

303 1501 360 1555 id,
394 1501 503 1556 quod
533 1502 743 1556 posterius
775 1504 852 1557 est,
885 1502 1056 1556 dixeris,
1088 1500 1137 1542 de
1168 1501 1306 1556 priore
1337 1503 1478 1542 tacere
1499 1500 1726 1555 optimum:
1757 1501 1898 1555 palam
1916 1519 1948 1544 20

306 1571 370 1611 est
401 1570 514 1611 enim
544 1570 835 1624 praecessisse.

238 1633 292 1676 88
421 1637 529 1680 Sunt
559 1639 766 1694 quaedam
798 1641 840 1680 et
869 1638 1004 1680 falsae
1036 1638 1334 1693 expositiones,
1367 1652 1544 1693 quarum
1564 1637 1609 1678 in
1631 1637 1723 1678 foro
1745 1637 1899 1692 duplex

305 1720 439 1761 genus
472 1708 555 1748 est:
589 1706 782 1761 alterum,
816 1707 925 1761 quod
956 1707 1253 1748 instrumentis
1285 1706 1530 1759 adiuuatur,
1571 1708 1619 1746 ut
1648 1705 1696 1747 P.
1730 1705 1899 1747 Clodius

304 1774 459 1816 fiducia
488 1776 682 1829 testium,
723 1790 806 1830 qua
843 1776 968 1816 nocte
1006 1775 1217 1816 incestum
1247 1773 1406 1815 Romae
1439 1773 1725 1827 commiserat,
1763 1773 1898 1814 Inter-

303 1857 453 1884 amnae
493 1858 536 1884 se
573 1844 704 1885 fuisse
743 1843 931 1884 dicebat:
972 1842 1171 1896 alterum,
1211 1842 1322 1897 quod
1362 1844 1425 1883 est
1463 1842 1668 1884 tuendum
1709 1841 1890 1883 dicentis
1914 1858 1946 1883 25

304 1910 491 1966 ingenio.
542 1912 586 1953 id
615 1911 786 1953 interim
817 1911 869 1953 ad
900 1911 1033 1952 solam
1063 1910 1362 1952 uerecundiam
1386 1910 1585 1965 pertinet,
1618 1910 1729 1951 unde
1763 1909 1892 1951 etiam

238 1974 409 2020 89mihj
439 1980 608 2021 uidetur
638 1980 720 2021 dici
761 1979 924 2033 00101,
965 1979 1138 2020 interim
1178 1979 1230 2020 ad
1261 1979 1565 2034 quaestionem.
1625 1978 1698 2019 sed
1737 1980 1897 2019 utrum-

309 2063 486 2103 cumque
525 2048 626 2102 erit,
665 2048 803 2103 prima
842 2048 897 2088 sit
936 2062 1151 2099 curarum,
1190 2049 1237 2088 ut
1275 2047 1339 2100 id,
1388 2047 1498 2102 quod
1534 2047 1766 2101 fingemus,
1807 2046 1900 2087 fieri

308 2116 461 2171 possit,
501 2116 651 2157 deinde
689 2118 738 2157 ut
776 2118 818 2157 et
855 2130 1061 2170 personae
1100 2118 1142 2157 et
1178 2115 1270 2157 loco
1311 2117 1353 2156 et
1391 2115 1570 2169 tempori
1612 2116 1820 2169 congruat
1858 2116 1899 2154 et

310 2184 552 2225 credibilem
584 2185 794 2225 rationem
817 2186 859 2225 et
880 2184 1070 2225 ordinem
1091 2184 1265 2225 habeat:
1298 2183 1332 2224 si
1356 2183 1590 2238 continget,
1625 2183 1753 2223 etiam
1774 2196 1899 2223 uerae
1919 2198 1951 2223 30

310 2252 434 2294 alicui
465 2252 525 2293 rei
559 2252 801 2306 cohaereat,
842 2254 916 2293 aut
946 2254 1219 2307 argumento,
1261 2251 1371 2306 quod
1402 2251 1457 2292 sit
1486 2251 1532 2292 in
1565 2265 1710 2304 causa,
1753 2250 1899 2291 confir-

310 2322 465 2362 metur:
497 2335 598 2362 nam
629 2335 735 2376 quae
759 2322 847 2362 tota
869 2323 988 2361 extra
1009 2334 1097 2361 rem
1117 2321 1252 2375 petita
1282 2321 1394 2374 sunt,
1426 2319 1662 2360 mentiendi
1683 2318 1900 2360 licentiam

403 2450 417 2479 1
448 2448 540 2479 onim
566 2449 619 2489 Bg
644 2459 704 2481 om.
733 2450 804 2480 lm.
901 2450 1038 2479 certum
1067 2450 1194 2488 estque
1220 2449 1240 2479 b
1346 2449 1365 2478 2
1392 2447 1533 2489 prosint
1559 2447 1587 2477 A
1691 2447 1711 2476 4
1736 2445 1901 2487 deligan-

311 2495 393 2526 dum
419 2493 459 2532 A,
485 2495 549 2526 secl
573 2505 589 2526 0
616 2498 648 2525 el
675 2504 695 2524 a
721 2494 753 2524 in
778 2504 846 2526 νας.
972 2493 1124 2524 dixerim
1150 2493 1194 2533 Β,
1220 2497 1297 2534 post
1322 2492 1483 2524 duxerim
1509 2497 1559 2523 est
1585 2493 1616 2522 z'n
1642 2491 1670 2522 A
1695 2491 1795 2522 breue
1819 2502 1885 2531 spa

312 2542 388 2571 lium
414 2551 549 2571 uacuum
642 2542 661 2571 6
689 2539 853 2570 omnibus
873 2549 1036 2579 quaeque
1054 2539 1079 2569 B
1174 2540 1192 2570 7
1219 2538 1512 2579 superstitionem
1531 2537 1559 2568 A
1652 2538 1671 2567 9
1698 2540 1752 2567 est
1770 2547 1830 2567 om.
1850 2536 1902 2576 Bg

403 2592 599 2626 quaeratur
623 2586 666 2616 B:
693 2584 838 2615 dicatur
854 2585 910 2615 Ab
1005 2585 1147 2625 ignoret
1174 2594 1235 2614 eur
1261 2584 1371 2625 igitur
1396 2584 1537 2624 ignoret
1554 2583 1579 2613 B
1676 2583 1714 2613 10
1733 2581 1900 2622 singulae

314 2631 424 2662 etiam
450 2631 475 2661 B
571 2632 610 2662 12
639 2632 689 2661 ita
715 2629 788 2661 Ab:
816 2630 897 2671 ipsa
923 2630 948 2659 B
1046 2631 1085 2661 13
1111 2629 1165 2660 his
1190 2628 1219 2659 A
1326 2629 1363 2659 14
1392 2632 1608 2669 arroganter
1632 2627 1704 2664 AB,
1728 2628 1791 2658 sed
1814 2627 1843 2657 A
1868 2636 1902 2657 rr

312 2688 357 2707 ea,-
383 2686 471 2707 corr.
568 2677 654 2718 quia
681 2676 756 2706 Ab:
785 2685 856 2715 qua
881 2675 907 2705 B
1002 2675 1041 2706 15
1069 2675 1127 2716 egi
1153 2673 1197 2704 A:
1226 2674 1258 2705 ei
1283 2675 1313 2713 13>
1330 2682 1342 2698 ⁴
1403 2672 1584 2704 retl'ellere
1603 2673 1654 2712 Bg
1748 2672 1902 2703 mentiar

313 2721 391 2753 AB:
421 2721 574 2753 mentior
597 2723 617 2752 b
712 2732 731 2751 a
758 2731 811 2751 me
840 2719 1026 2762 ponendae
1054 2721 1097 2750 A:
1126 2719 1315 2761 ponendae
1342 2730 1362 2750 a
1390 2729 1443 2749 me
1470 2719 1526 2752 Βς
1647 2718 1685 2748 16
1712 2720 1832 2749 tamen
1859 2734 1899 2739 ·-

317 2767 438 2798 faeere
465 2778 525 2799 om.
552 2767 577 2797 B
671 2766 706 2797 id
733 2766 880 2807 saepius
906 2766 950 2796 A:
977 2766 1054 2805 ipse
1082 2766 1161 2806 pius
1187 2766 1207 2796 b
1314 2766 1357 2796 ‘20
1383 2763 1501 2805 palam
1532 2767 1587 2794 est
1613 2763 1706 2793 enim
1735 2772 1900 2804 praeces-

313 2815 396 2843 sisse
421 2813 462 2853 A,
490 2824 549 2844 om.
576 2813 601 2843 B
696 2813 736 2843 24
764 2811 986 2843 commiserit
1010 2811 1035 2840 B
1128 2812 1169 2842 27
1196 2813 1459 2850 utrumquoque
1485 2809 1537 2848 Eg
1566 2810 1580 2838 1
1599 2819 1637 2838 m.
1746 2809 1788 2839 28
1815 2818 1901 2839 cura

316 2858 479 2898 Spalding]
575 2857 747 2898 lingcmus
772 2857 846 2887 Ab:
875 2856 1040 2896 tingimus
1064 2856 1089 2886 B
1206 2856 1247 2887 28
1274 2859 1312 2886 ut
1337 2860 1372 2885 et
1396 2854 1468 2886 Ba:
1498 2859 1535 2884 ut
1559 2852 1588 2883 A
1703 2856 1744 2885 30
1769 2854 1799 2884 si
1824 2852 1898 2883 Ab:

318 2903 369 2931 sic
393 2904 418 2932 B
513 2903 699 2941 continget
725 2903 765 2936 B:
796 2901 1015 2943 contingerit
1039 2901 1079 2940 A,
1105 2902 1167 2932 sed
1191 2901 1287 2941 gerit
1311 2911 1349 2931 m.
1372 2902 1390 2930 2
1417 2902 1449 2930 z'n
1474 2910 1543 2930 ras.
1652 2909 1734 2931 uere
1761 2899 1812 2938 Bg

317 2949 356 2979 31
385 2949 431 2978 sit
457 2948 529 2978 Ab:
558 2958 617 2979 om.
643 2948 668 2978 B
