1939 3180
171 135 254 178 346
694 137 987 178 QUINTILIANI
1018 137 1138 168 lns'r.
1174 138 1248 168 oa.

172 249 351 290 bitatem
374 245 493 288 Cassi
516 243 796 298 reperiemus:
828 241 874 282 in
895 241 946 282 iis
969 240 1112 294 etiam,
1145 254 1249 294 quos
1270 240 1353 294 ipsi
1374 239 1571 293 uidimus,
1605 239 1771 293 copiam

172 317 376 369 Senecae,
410 313 522 354 uires
554 311 766 365 Africani,
798 309 1093 351 maturitatem
1124 308 1235 362 Afri,
1271 307 1583 349 iucunditatem
1614 306 1768 360 Crispi,

108 387 158 428 12
173 398 323 427 sonum
354 381 569 435 Trachali,
604 378 865 434 elegantiam
897 376 1096 419 Secundi.
1159 378 1204 417 at
1233 375 1293 417 M.
1316 375 1504 416 Tullium
1533 389 1620 416 non
1651 374 1771 415 illum

171 454 378 495 habemus
409 449 737 505 Euphranorem
770 447 882 489 circa
901 445 1047 500 ‘pluris
1087 435 1242 493 artium
1274 443 1435 498 species
1467 443 1772 497 praestantem,

173 512 245 564 sed
285 521 331 561 in
373 518 593 571 omnibus,
637 530 744 571 quae
785 515 831 555 in
873 506 1037 568 quoque
1079 512 1329 566 laudantur,
1374 510 1771 552 eminentissimum.

173 605 298 645 quem
328 590 473 630 tamen
514 588 556 627 et
594 599 765 627 suorum
802 582 997 624 homines
1035 573 1275 636 temporum
1314 581 1526 621 incessere
1558 578 1775 620 audebant

173 660 221 700 ut
251 656 522 698 tumidiorem
560 657 603 695 et
633 652 845 694 Asianum
876 653 918 692 et
948 650 1261 692 redundantem
1301 650 1343 689 et
1371 648 1417 688 in
1448 647 1774 702 repetitionibus

174 726 352 768 nimium
394 726 437 765 et
475 723 521 764 in
567 721 726 763 salibus
767 719 996 774 aliquando
1042 718 1247 773 frigidum
1291 718 1333 757 et
1373 716 1419 757 in
1469 715 1775 770 compositione

174 796 373 848 fractum,
407 791 671 834 exultantem
693 804 742 830 ac
763 803 913 843 paene,
946 787 1056 841 quod
1077 777 1224 841 procu]
1247 784 1372 839 absit,
1405 784 1497 825 niro
1519 783 1775 825 molliorem:

108 867 159 909 13
173 865 322 920 postea
354 875 454 903 uero
486 874 612 914 quam
642 856 900 899 triumuirali
930 854 1244 910 proscriptione
1267 854 1542 907 consumptus
1571 854 1649 906 est,
1682 865 1776 906 pas-

174 933 254 974 sim
283 931 355 986 qui
386 930 586 982 oderant,
627 926 698 982 qui
728 925 1004 978 inuidebant,
1047 923 1117 978 qui
1149 922 1496 975 aemulabantur,
1538 919 1777 961 adulatores

176 1001 305 1043 etiam
344 997 583 1054 praesentis
628 994 847 1050 potentiae
894 1008 984 1033 11011
1022 1006 1325 1046 responsurum
1370 990 1635 1031 inuaserunt.
1703 988 1774 1029 ille

176 1072 344 1122 tamen,
387 1066 458 1122 qui
490 1065 657 1107 ieiunus
690 1079 713 1105 a
744 1061 998 1118 quibusdam
1030 1063 1073 1101 et
1111 1059 1253 1101 aridus
1285 1059 1486 1112 habetur,
1526 1072 1614 1098 non
1652 1056 1777 1098 aliter

177 1138 229 1179 ab
268 1137 373 1192 ipsis
412 1134 597 1176 inimicis
636 1132 746 1174 male
786 1131 932 1172 audire
971 1144 1098 1184 quam
1136 1128 1281 1170 nimiis
1320 1127 1494 1168 fioribus
1532 1127 1575 1167 et
1612 1124 1777 1180 ingenii

177 1205 381 1248 afluentia
418 1203 571 1258 potuit.
641 1201 799 1242 fal-sum
838 1201 1082 1253 utrumque,
1133 1196 1204 1238 sed
1242 1198 1387 1238 tamen
1426 1192 1501 1235 illa
1542 1192 1777 1235 mentiendi

112 1275 349 1331 l4propior
379 1271 560 1314 occasio.
621 1269 850 1325 praecipue
881 1282 982 1308 uero
1013 1266 1261 1321 presserunt
1291 1279 1399 1318 eum,
1433 1262 1503 1318 qui
1536 1261 1669 1303 uideri
1701 1262 1778 1302 At-

176 1345 359 1385 ticorum
391 1341 629 1383 imitatores
662 1337 982 1392 concupierant.
1052 1335 1159 1375 haec
1189 1347 1341 1374 manus
1374 1332 1494 1387 quasi
1526 1330 1777 1386 quibusdam

177 1412 310 1454 sacris
342 1410 515 1452 initiata
536 1410 584 1449 ut
605 1407 893 1462 alienigenam
916 1407 958 1446 et
978 1418 1129 1459 parum
1152 1401 1494 1457 superstitiosum
1515 1399 1778 1441 deuinctum-

177 1495 257 1536 que
288 1480 372 1521 illis
403 1478 570 1533 legibus
602 1475 924 1530 insequebatur,
958 1473 1069 1514 unde
1100 1485 1217 1512 1111110
1248 1484 1412 1525 quoque
1442 1468 1549 1510 aridi
1571 1469 1613 1509 et
1635 1467 1778 1509 exsuci

112 1553 164 1594 15
178 1552 221 1592 et
252 1562 505 1602 exsangues.
567 1546 611 1586 hi
643 1545 745 1586 sunt
775 1543 903 1597 enim,
938 1542 1009 1596 qui
1042 1554 1143 1581 suae
1174 1538 1447 1580 inbecillitati
1478 1536 1676 1578 sanitatis
1707 1551 1778 1590 ap-

178 1617 476 1674 pellationem,
520 1628 625 1669 quae
665 1614 729 1654 est
766 1611 950 1653 maxime
991 1608 1223 1662 contraria,
1267 1607 1524 1662 optendant:
1568 1605 1639 1660 qui
1681 1605 1780 1659 quia

181 1687 403 1729 clariorem
434 1684 521 1725 uim
552 1681 821 1737 eloquentiae
854 1679 970 1721 uelut
1001 1677 1131 1719 solem
1162 1677 1273 1718 ferre
1295 1690 1382 1717 non
1404 1676 1597 1730 possunt,
1630 1673 1780 1714 umbra

180 1755 329 1810 magni
360 1752 546 1794 nominis
578 1750 849 1792 delitescunt.
911 1747 1064 1802 quibus
1104 1746 1203 1800 quia
1241 1744 1375 1786 multa
1415 1745 1458 1785 et
1496 1742 1688 1798 pluribus
1724 1741 1780 1782 lo-

183 1825 241 1866 eis
281 1822 428 1865 Cicero
467 1821 557 1875 ipse
599 1817 839 1873 respondit,
887 1816 1019 1857 tutior
1057 1813 1163 1856 mihi
1204 1814 1254 1854 de
1293 1813 1374 1854 hoc
1413 1811 1647 1853 disserendi
1690 1811 1781 1851 bre-

181 1893 293 1940 uitas
325 1891 417 1932 erit.

118 1963 167 2003 16
296 1959 354 2001 Ε1
385 1957 561 2012 antiqua
592 1955 760 2010 quidem
800 1954 874 1995 illa
914 1952 1064 1994 diuisio
1094 1951 1208 1992 inter
1239 1950 1408 1992 Atticos
1440 1951 1566 2003 atque
1598 1947 1783 1989 Asianos

181 2030 278 2083 fuit,
311 2042 405 2069 cum
436 2026 481 2066 hi
512 2024 647 2079 pressi
678 2025 720 2064 et
750 2023 923 2077 integri,
956 2023 1106 2063 contra
1136 2019 1276 2061 inflati
1307 2018 1369 2059 illi
1402 2019 1444 2059 et
1474 2017 1624 2058 inanes
1656 2016 1783 2057 habe—

183 2099 344 2150 rentur,
378 2095 423 2136 in
455 2094 521 2135 his
552 2092 660 2134 nihil
692 2091 984 2146 superflueret,
1017 2089 1102 2130 illis
1133 2088 1338 2129 iudicium
1359 2086 1542 2128 maxime
1565 2099 1614 2126 ac
1635 2084 1784 2125 modus

184 2166 363 2207 deesset.
424 2162 536 2217 quod
567 2161 751 2216 quidam,
786 2174 963 2214 quorum
996 2160 1038 2199 et
1070 2157 1227 2199 Santra
1258 2158 1341 2210 est,
1380 2154 1460 2196 hoc
1490 2155 1646 2209 putant
1677 2152 1784 2194 acci-

185 2235 309 2288 disse,
343 2233 466 2287 quod,
500 2229 709 2286 paulatim
741 2242 934 2270 sermone
966 2241 1120 2282 graeco
1151 2227 1196 2267 in
1227 2225 1442 2280 proximas
1474 2222 1604 2264 Asiae
1637 2221 1783 2262 ciuita-

184 2306 249 2345 tes
280 2301 509 2354 influente,
550 2298 740 2341 nondum
780 2297 883 2339 satis
914 2295 1043 2351 periti
1074 2294 1274 2350 loquendi
1304 2292 1551 2335 facundiam
1584 2289 1783 2345 concupi-

1728 2449 1771 2471 ‘re

187 2499 425 2532 sanctitatem
451 2497 489 2536 B,
516 2498 716 2527 sanitatem
742 2495 794 2534 M,
826 2498 861 2524 ut
886 2493 1038 2531 uidetur,
1072 2492 1129 2533 qui
1152 2491 1250 2522 habet
1276 2491 1309 2522 in
1335 2493 1488 2521 extremo
1512 2498 1613 2518 uersu
1639 2486 1719 2517 sani

188 2546 232 2586 ef.
254 2546 356 2585 10,1‚
377 2544 440 2574 115
537 2543 554 2572 1
580 2541 617 2572 in
644 2541 674 2572 is
700 2541 725 2570 B
821 2541 840 2570 3
868 2538 913 2569 ad
937 2539 985 2571 M.
1013 2538 1081 2568 BM
1197 2538 1218 2567 4
1244 2536 1477 2567 eufranorem
1502 2534 1573 2563 ΒΜ
1673 2530 1785 2573 pluris

187 2593 227 2622 b:
254 2589 409 2631 plurium
434 2588 532 2621 ΒΜς
626 2588 646 2617 6
670 2586 857 2617 incessere
883 2586 903 2615 b
1000 2585 1039 2614 11
1066 2582 1277 2614 inuiderant
1300 2582 1320 2612 b
1401 2581 1440 2612 13
1468 2582 1504 2611 et
1521 2579 1607 2609 BM:
1637 2580 1747 2617 atque
1765 2584 1786 2610 ς

280 2634 487 2666 habebatur
512 2633 593 2668 Mb;
621 2637 657 2663 at
680 2631 848 2673 sifflzifieuc
874 2629 1009 2668 Quintil.
1037 2630 1200 2660 Senecam
1225 2633 1258 2659 e!
1283 2627 1353 2658 eius
1378 2626 1534 2657 adseclas
1653 2623 1692 2653 14
1718 2622 1786 2652 ini-

189 2681 398 2713 micissimis
424 2680 444 2709 b
545 2677 640 2709 male
669 2676 796 2708 audire
822 2676 909 2707 BM:
936 2674 1088 2706 laudare
1114 2675 1134 2705 b
1162 2672 1327 2713 (Bmanu)
1444 2669 1584 2711 ingenii
1611 2667 1786 2700 afluentia

189 2729 227 2759 b:
255 2724 561 2765 ingeniassuentia
578 2724 617 2763 B,
645 2722 771 2764 ingeni
791 2721 967 2752 affluentia
984 2722 1019 2750 M
1093 2721 1133 2751 15
1159 2719 1222 2750 sed
1239 2719 1326 2749 BM:
1356 2717 1403 2749 sit
1419 2717 1440 2747 b
1503 2711 1640 2755 tamen]
1661 2715 1735 2743 tum
1753 2713 1787 2742 M

285 2767 323 2804 17
353 2769 624 2811 concupiebant
648 2769 668 2799 b
788 2766 892 2808 quasi
917 2777 980 2800 om,
1006 2767 1026 2796 b
1146 2765 1186 2796 18
1213 2767 1249 2796 et
1273 2773 1400 2806 parum
1427 2759 1723 2803 superstitiosum.
1748 2758 1785 2788 b:

194 2819 273 2849 etrfi
301 2816 597 2858 superstitiosum
624 2815 662 2855 B,
690 2816 725 2845 et
750 2823 877 2855 parum
904 2810 1108 2843 studiosum
1134 2811 1186 2842 ed.
1207 2810 1320 2850 Camp.
1348 2807 1580 2847 (alienigena
1604 2805 1703 2835 metu
1728 2813 1785 2833 su-

194 2862 444 2904 perstitiosum
470 2860 518 2899 M)
640 2861 679 2891 19
707 2859 851 2890 exsucti
876 2858 914 2897 B,
942 2857 1062 2888 exsuti
1087 2857 1126 2894 b,
1155 2856 1255 2887 exuti
1281 2856 1327 2894 M,
1357 2852 1485 2885 exucci
1511 2851 1695 2881 Buttmann

193 2910 233 2939 21
262 2907 465 2949 optendant
489 2907 531 2936 B:
566 2904 770 2938 obtendant
794 2905 844 2941 M,
878 2902 1081 2935 obtendunt
1112 2902 1164 2933 ed.
1193 2900 1375 2932 Smer-iana
1513 2897 1556 2926 23
1588 2894 1711 2935 magni
1736 2894 1787 2924 Bn

194 2964 283 2985 corr.
310 2964 355 2983 ear
381 2962 516 2992 magna
634 2949 849 2982 delitiscunt
874 2950 893 2979 b
1011 2949 1053 2979 ⁶24
1080 2946 1271 2988 respondet
1296 2946 1316 2975 b
1424 2944 1467 2974 ⁶27
1492 2940 1547 2972 illi
1573 2951 1633 2973 om.
1660 2941 1695 2969 M

193 2999 236 3032 28
261 2998 409 3029 maximi
434 2997 502 3028 ΒΜ
595 2994 734 3037 modus]
763 2994 886 3036 plures
911 2995 946 3024 M
1039 2994 1081 3025 29
1107 2991 1255 3024 deesset
1279 2991 1322 3022 B:
1350 2989 1480 3021 decent
1504 2987 1555 3028 M,
1583 2985 1741 3028 denique
1766 2986 1786 3016 b

1796 865 1846 899 10)

1798 1207 1829 1232 15

1799 1549 1832 1574 20

1804 2233 1837 2257 30
