1939 3180
204 146 287 187 296
729 152 1023 192 QUINTILIANI
1055 152 1174 182 ms'r.
1209 151 1283 182 on.

205 258 391 300 lambere
423 272 586 312 quoque
619 271 667 297 ea
700 258 741 297 et
772 254 962 295 mordere
994 254 1182 295 deforme
1213 256 1296 308 est,
1336 269 1430 295 cum
1469 253 1598 295 etiam
1637 253 1681 294 in
1714 252 1802 294 effi-

206 326 367 368 ciendis
400 325 540 367 uerbis
571 324 761 365 modicus
793 337 937 364 eorum
961 336 1051 363 esse
1074 322 1226 363 debeat
1246 323 1403 363 motus:
1436 335 1507 362 ore
1530 320 1643 362 enim
1664 321 1802 375 magis

205 410 333 450 quam
365 393 495 434 labris
526 392 782 447 loquendum
815 392 893 432 est.

139 464 193 507 82
322 461 593 504 Ceruicem
626 463 789 501 rectam
816 459 984 513 oportet
1016 472 1120 512 esse,
1148 472 1241 499 11011
1272 457 1454 513 rigidam
1486 459 1560 499 aut
1591 457 1802 511 supinam.

210 530 401 572 collum
433 529 602 570 diuersa
633 521 824 583 quidem,
858 526 931 568 sed
962 525 1058 580 pari
1089 525 1359 567 deformitate
1392 526 1435 566 et
1466 525 1734 566 contrahitur
1764 527 1807 566 et
1825 537 1840 563 5

208 598 413 652 tenditur,
447 598 520 639 sed
551 599 673 638 tenso
706 595 851 637 subest
882 596 925 636 et
954 594 1075 635 labor
1104 595 1389 648 tenuaturque
1410 607 1493 634 uox
1515 608 1563 634 ae
1583 593 1806 648 fatigatur,

211 667 394 708 adfixum
426 665 588 721 pectori
620 666 813 706 mentum
842 662 983 704 minus
1016 662 1175 704 claram
1206 663 1249 703 et
1287 662 1406 716 quasi
1438 661 1633 702 latiorem
1663 675 1808 715 presso

143 741 196 781 83
211 737 384 790 gutture
425 734 545 775 facit.
621 746 916 774 umerorum
963 745 1058 772 raro
1098 724 1252 771 decens
1298 729 1509 770 adleuatio
1548 730 1675 783 atque
1712 743 1808 770 con-

210 803 366 844 tractio
398 803 482 844 est:
523 801 741 843 breuiatur
773 800 887 841 enim
920 799 1062 841 ceruix
1093 801 1136 840 et
1165 799 1333 854 gestum
1365 797 1576 852 quendam
1606 796 1810 838 humilem

212 874 339 926 atque
370 871 566 912 seruilem
599 871 640 910 et
671 868 792 924 quasi
823 867 1143 909 fraudulentum
1173 866 1300 920 facit,
1342 880 1436 907 cum
1466 879 1510 907 se
1541 865 1586 906 in
1617 865 1810 906 habitum

144 945 198 987 84
213 939 493 993 adulationis,
543 937 860 990 admirationis,
907 938 1045 977 metus
1086 935 1273 990 fingunt.
1342 933 1548 975 brachii
1593 933 1810 974 moderata

212 1008 441 1064 proiectio,
483 1006 671 1048 remissis
710 1004 868 1046 umeris
900 1005 1028 1059 atque
1061 1003 1373 1058 explicantibus
1405 1016 1448 1043 se
1479 1002 1525 1043 in
1555 1001 1812 1056 proferenda

213 1092 342 1117 manu
374 1075 536 1130 digitis,
572 1073 797 1116 continuos
830 1075 872 1114 et
904 1072 1167 1114 decurrentis
1199 1072 1315 1113 locos
1346 1070 1529 1111 maxime
1561 1069 1698 1111 decet.
1768 1070 1813 1110 at

215 1159 310 1186 cum
350 1143 581 1198 speciosius
621 1142 721 1197 quid
760 1141 1014 1196 uberiusque
1054 1140 1280 1182 dicendum
1320 1140 1405 1192 est,
1454 1140 1501 1179 ut
1538 1137 1643 1178 illud
1689 1151 1813 1178 saxa

215 1215 373 1267 atque
412 1210 737 1253 solitudines
779 1209 895 1251 uoci
934 1208 1287 1264 respondent,
1330 1206 1595 1261 exspatiatur
1626 1205 1670 1246 in
1699 1204 1813 1245 latus

147 1288 200 1328 85
215 1283 257 1322 et
288 1280 380 1335 ipsa
412 1278 719 1334 quodammodo
752 1293 795 1319 se
828 1293 922 1319 cum
954 1279 1079 1332 gestu
1109 1276 1253 1317 fundit
1284 1275 1434 1317 oratio.
1483 1288 1665 1315 manus
1699 1287 1815 1326 uero,

216 1350 307 1390 sine
339 1348 491 1403 quibus
522 1350 676 1388 trunca
708 1349 820 1388 esset
851 1346 962 1387 actio
1002 1360 1051 1386 ac
1090 1344 1261 1398 debilis,
1303 1343 1373 1384 uix
1413 1342 1497 1384 dici
1534 1343 1676 1397 potest
1713 1343 1816 1396 quot

216 1418 355 1458 motus
387 1416 597 1470 habeant,
639 1430 733 1456 cum
765 1429 901 1469 paene
932 1414 1069 1468 ipsam
1102 1412 1326 1454 uerborum
1359 1411 1521 1465 copiam
1556 1424 1815 1464 consequan-

217 1487 299 1525 tur.
361 1499 460 1525 nam
493 1486 658 1525 ceterae
689 1485 833 1537 partes
864 1482 1110 1536 loquentem
1133 1480 1352 1534 adiuuant,
1386 1479 1480 1533 hae,
1513 1493 1644 1533 prope
1676 1479 1740 1519 est
1769 1480 1817 1518 ut

150 1560 202 1601 36
218 1552 370 1607 dicam,
410 1552 529 1607 ipsae
558 1552 770 1593 locuntur.
832 1564 978 1591 annon
1009 1549 1075 1590 his
1107 1549 1342 1604 poscimus,
1384 1546 1655 1602 pollicemur,
1696 1560 1817 1587 uoca-

218 1636 326 1675 mus,
361 1620 630 1674 dimittimus,
663 1620 889 1673 minamur,
922 1617 1226 1673 supplicamus,
1260 1616 1570 1669 abominamur,
1603 1614 1815 1666 timemus,

218 1690 548 1744 interrogamus,
582 1702 803 1743 negamus,
835 1686 1053 1742 gaudium,
1086 1685 1321 1739 tristitiam,
1356 1683 1686 1736 dubitationem,
1722 1696 1818 1723 con—

220 1758 472 1812 sessionem,
521 1757 856 1812 paenitentiam,
904 1754 1096 1810 modum,
1137 1754 1325 1809 copiam,
1366 1766 1609 1805 numerum,
1651 1753 1818 1804 tempus

152 1834 203 1875 87
221 1826 514 1868 ostendimus?
574 1840 661 1866 non
693 1824 865 1866 eaedem
897 1823 1139 1876 concitant,
1178 1821 1400 1874 inhibent,
1454 1820 1648 1874 Jrobant,
1690 1818 1819 1860 admi-

225 1897 388 1949 rantur,
430 1892 805 1935 uereemidantur?
864 1906 951 1933 11011
982 1891 1028 1932 in
1059 1889 1403 1932 demonstrandis
1434 1888 1538 1929 locis
1570 1889 1696 1941 atque
1726 1900 1819 1941 per-
1839 1900 1854 1923 ι»

223 1963 336 2004 sonis
375 1961 672 2003 znluerbiorum
705 1963 831 2015 atque
870 1959 1169 2014 pronominum
1209 1958 1407 2013 optinent
1449 1956 1618 1998 uicem?
1685 1956 1732 1995 ut
1775 1954 1821 1994 in

227 2033 345 2072 tanta
375 2045 450 2085 per
481 2030 619 2071 omnis
651 2031 803 2084 gentes
834 2028 1116 2081 nationesque
1139 2027 1313 2081 linguae
1336 2025 1584 2066 diuersitate
1615 2023 1685 2064 hic
1716 2022 1820 2064 mihi

225 2099 414 2140 011111111111
445 2098 666 2139 hominum
699 2096 935 2139 communis
968 2110 1104 2137 sermo
1136 2094 1343 2136 uideatur.

322 2194 373 2224 14.
402 2203 433 2234 p.
461 2192 570 2224 Arch.
596 2193 628 2232 8,
657 2192 710 2223 19.

318 2276 334 2306 1
363 2271 538 2315 lambere]
564 2271 717 2303 iamueri
742 2272 762 2302 b
846 2270 883 2301 in
912 2268 1106 2302 efferendis
1125 2268 1260 2309 Reyius,
1288 2271 1322 2298 al
1342 2267 1387 2306 ef.
1409 2268 1439 2306 1,
1461 2267 1513 2306 11,
1534 2267 1573 2301 4;
1605 2265 1724 2296 Victor
1741 2274 1821 2306 quo-

227 2332 288 2364 qne
314 2320 363 2361 (μ.
385 2322 464 2360 442,
485 2320 543 2357 20)
572 2317 779 2349 efficiendis
805 2316 903 2347 hahet
996 2317 1015 2346 2
1042 2314 1201 2346 debeant
1226 2314 1246 2344 b
1362 2315 1381 2344 3
1409 2314 1464 2343 est
1490 2321 1569 2342 cum
1597 2310 1778 2342 ceruicem
1803 2310 1823 2340 b

318 2368 337 2397 5
364 2365 494 2397 collum
521 2365 607 2395 BM:
634 2362 780 2404 longum
807 2363 827 2393 b
946 2360 1101 2391 trahitur
1127 2362 1163 2391 et
1190 2358 1354 2390 tenditur
1379 2359 1416 2388 et
1441 2360 1544 2388 tenso
1569 2357 1589 2387 b
1728 2356 1747 2385 6
1773 2354 1824 2385 la—

229 2413 314 2443 bore
341 2413 360 2442 b
456 2413 474 2442 7
502 2412 648 2452 pectore
675 2411 832 2439 mentum
861 2407 978 2437 minas
1003 2405 1139 2436 clarum
1165 2406 1185 2436 b
1294 2405 1314 2434 8
1340 2403 1571 2434 humerorum
1597 2412 1678 2432 raro
1705 2404 1741 2432 et
1765 2399 1824 2431 de-

229 2468 313 2489 cens
339 2458 359 2487 b
454 2458 473 2487 9
500 2456 691 2487 breuiatus
717 2455 737 2484 b
833 2454 874 2483 10
901 2462 981 2483 cum
1008 2452 1094 2482 BM:
1121 2460 1190 2491 quo
1217 2450 1302 2481 eom'.
1328 2448 1497 2490 Spalding]
1603 2448 1642 2477 11
1671 2446 1824 2478 admira-

230 2504 342 2534 tionis
367 2503 404 2533 b:
433 2513 494 2535 om.
520 2502 590 2531 BM
684 2498 833 2530 bracchi
858 2498 919 2536 Bn,
948 2497 1076 2528 brachi
1102 2496 1153 2536 Bg
1249 2496 1288 2526 13
1316 2503 1459 2525 manum
1484 2494 1521 2530 Β,
1548 2502 1719 2533 magnum
1745 2492 1780 2521 Μ

231 2549 404 2579 euntium>
431 2547 494 2579 sed
520 2548 553 2586 b,
582 2545 775 2577 continuos
802 2543 865 2574 sed
892 2544 927 2572 M
1056 2543 1097 2573 14
1122 2541 1270 2573 uberius
1294 2541 1315 2571 b
1434 2540 1474 2571 15
1500 2536 1626 2580 atque]
1654 2540 1690 2568 et
1714 2538 1734 2567 b

231 2594 400 2636 expiatur
427 2593 460 2623 in
490 2592 512 2623 l.
540 2595 579 2622 nt
605 2591 685 2632 ipsa
710 2591 730 2621 b
825 2586 964 2629 manus]
992 2590 1095 2619 locam
1119 2586 1220 2618 habet
1244 2586 1352 2617 Iulius
1376 2585 1496 2616 Victor·
1522 2583 1570 2625 (p.
1592 2585 1669 2619 442,
1689 2581 1748 2622 21)
1774 2592 1825 2611 us-

231 2651 292 2682 que
317 2641 363 2670 ml
383 2641 481 2678 finem
508 2639 525 2677 ξ
552 2638 593 2668 87
689 2637 728 2667 17
756 2635 870 2666 oratio
896 2636 915 2665 b
1019 2634 1057 2665 18
1084 2634 1357 2673 consequantur
1388 2631 1527 2662 Victor:
1561 2630 1826 2669 persequantur

229 2686 308 2717 litu—i
333 2686 470 2722 Quintil.
592 2683 630 2713 10
658 2683 807 2723 propest
830 2680 868 2720 B,
900 2689 1008 2721 prope
1035 2681 1118 2710 sunt
1142 2679 1177 2708 M
1292 2678 1335 2708 ‘20
1361 2676 1444 2717 ipsa
1468 2674 1663 2715 loquantur
1688 2673 1719 2712 b,
1747 2672 1824 2713 ipse

231 2733 431 2770 sequuntur
456 2730 491 2758 M
608 2737 728 2759 annon
754 2727 798 2756 B:
827 2729 864 2755 at
890 2735 959 2756 non
985 2725 1032 2762 M,
1061 2735 1121 2756 07η.
1148 2724 1168 2754 b
1286 2723 1327 2753 2¹2
1353 2721 1623 2760 interrogamus
1649 2727 1826 2758 negamus

232 2778 299 2806 ΒΜ
326 2780 356 2806 (ἰ
389 2776 528 2806 Victor:
554 2785 614 2805 0111.
641 2773 661 2803 b
777 2773 820 2803 23
847 2774 987 2812 tempus
1013 2769 1261 2807 ‹lnhitauimus
1288 2766 1510 2798 ostendimus
1536 2765 1556 2795 b
1687 2764 1729 2793 2²4
1756 2773 1825 2793 11011

234 2832 367 2855 1110111ιο
393 2819 458 2860 Bg)
488 2818 636 2851 eaedem
663 2818 704 2848 B:
733 2827 803 2847 11011
830 2816 954 2848 eodem
981 2816 1027 2855 M,
1055 2824 1123 2845 non
1148 2815 1168 2844 b
1195 2812 1324 2855 (isdem
1352 2811 1577 2843 concitamus
1608 2807 1741 2847 Victor)

234 2867 402 2897 inhibent
428 2865 639 2906 supplicant
665 2863 820 2905 probant
845 2862 938 2894 lilm‘:
965 2860 1175 2901 supplicant
1201 2859 1373 2890 delendum
1400 2867 1473 2887 esse
1499 2856 1655 2886 uider-nnc
1673 2854 1826 2885 81021100-

235 2924 301 2942 tvm·
327 2914 358 2942 7'71
389 2912 464 2942 Λυί.
492 2921 560 2942 soc.
592 2909 685 2940 Trai.
713 2912 746 2948 st,
774 2909 840 2939 13]
866 2913 898 2938 ec
927 2907 1149 2937 [mammenus
1174 2915 1234 2936 7181·
1259 2903 1356 2934 habet
1389 2902 1508 2932 Victor
1646 2901 1689 2931 25
1715 2901 1826 2939 atque

235 2958 302 2987 ΒΜ
329 2962 359 2987 el
392 2957 530 2987 Victor:
559 2958 596 2986 at
620 2956 651 2993 b,
679 2965 722 2985 ac
748 2955 792 2986 al.
934 2953 976 2983 26
1009 2950 1263 2982 adnerbiorum
1288 2948 1349 2978 Mb
1376 2952 1408 2978 cl
1439 2946 1577 2977 Victor:
1610 2947 1673 2977 aut
1698 2944 1826 2976 uerbo-

238 3013 311 3033 rum
339 3003 364 3031 B
465 3002 507 3032 28
534 3001 714 3032 hominum
742 3010 801 3031 om.
829 2999 848 3028 b

1830 877 1863 902 10

1835 1217 1864 1241 15

1837 1558 1869 1582 20
