1939 3180
183 108 265 150 338
707 118 1001 157 QUINTILIANI
1032 119 1152 150 1Ns‘r.
1186 120 1261 151 on.

185 221 332 275 rietur,
365 220 451 275 qui,
477 235 570 262 cum
593 221 750 276 onmia,
773 236 881 277 quae
903 224 1004 264 sunt
1024 223 1070 264 in
1093 237 1232 278 causa,
1265 222 1496 278 diligenter
1519 222 1784 278 cognouerit,

143 289 235 330 2ad
268 289 505 330 docendum
538 291 651 331 certe
683 289 866 332 iudicem
897 305 985 332 non
1016 291 1221 333 sufficiat·
1281 291 1354 333 sed
1392 292 1481 333 eius
1518 292 1581 333 rei
1622 292 1786 347 paucis-

182 357 301 398 simis
335 372 434 399 cura
467 361 543 399 est.
605 373 707 399 nam
738 361 786 400 ut
815 360 983 401 taceam
1015 360 1065 401 de
1096 360 1443 416 neglegentibus,
1477 374 1655 415 quorum
1677 360 1785 401 nihil

181 426 326 481 refert,
358 425 432 467 ubi
462 426 604 468 litium
637 427 763 469 cardo
794 430 1009 483 uertatur,
1050 429 1150 475 dum
1181 429 1270 470 sint
1300 443 1409 483 quae
1439 429 1509 469 uel
1539 430 1660 469 extra
1693 443 1785 470 cau-

181 510 273 537 sam
305 510 355 536 ex
386 495 579 550 personis
611 498 685 537 aut
717 497 932 538 communi
962 499 1154 548 tractatu
1183 497 1373 539 locorum
1404 497 1669 538 occasionem
1703 496 1785 538 cla—

181 564 327 605 mandi
357 564 619 619 largiantur:
652 564 816 620 aliquos
848 567 892 607 et
924 566 1100 607 ambitio
1130 556 1353 620 peruertit,
1387 565 1458 620 qui
1489 565 1647 620 partim
1678 567 1786 607 tam-

182 648 309 688 quam
340 633 538 688 occupati
570 648 820 689 semperque
861 634 977 675 aliud
1013 634 1244 689 habentes,
1286 633 1398 689 quod
1438 636 1538 676 ante
1569 634 1785 689 agendum

181 702 257 757 sit,
288 701 425 757 pridie
458 702 510 743 ad
541 717 586 744 se
617 703 764 744 uenire
796 702 1061 757 litigatorem
1093 705 1168 744 aut
1199 703 1346 744 eodem
1376 703 1590 744 matutino
1620 703 1783 758 iubent,

180 785 504 826 nonnumquam
545 772 675 812 etiam
706 771 818 812 inter
849 772 942 826 ipsa
982 761 1196 812 subsellia
1224 771 1420 812 didicisse
1452 786 1496 813 se
1527 771 1782 827 gloriantur,

141 838 339 896 Spartim
371 840 579 881 iactantia
611 840 790 895 ingenii,
822 842 871 881 ut
901 855 968 882 res
1002 840 1085 882 cito
1118 841 1332 896 accepisse
1363 840 1604 895 uideantur,
1638 842 1784 882 tenere

184 924 227 951 se
260 912 302 950 et
332 908 585 964 intellegere
616 908 735 964 prius
766 923 902 963 paene
934 924 1062 964 quam
1094 910 1273 951 audiant
1303 910 1488 964 mentiti,
1524 924 1620 951 cum
1651 909 1785 950 multa

183 980 224 1019 et
256 978 412 1019 diserte
444 977 703 1032 summisque
737 977 1008 1032 clamoribus,
1042 993 1149 1033 quae
1180 993 1318 1034 neque
1351 979 1403 1020 ad
1434 979 1616 1029 iudicem
1648 992 1785 1033 neque

182 1047 235 1088 ad
266 1046 529 1101 litigatorem
549 1046 812 1101 pertineant,
846 1047 1199 1102 decantauerunt,
1233 1047 1341 1089 bene
1371 1048 1571 1089 sudantes
1593 1047 1785 1101 beneque

140 1114 375 1157 4comitati
406 1129 482 1169 per
513 1114 653 1156 forum
683 1115 959 1157 reducuntur.
1002 1130 1056 1157 ne
1088 1115 1182 1157 illas
1214 1116 1385 1171 quidem
1416 1115 1588 1157 tulerim
1611 1115 1785 1157 delicias

183 1199 349 1239 eorum,
391 1184 463 1239 qui
502 1183 644 1226 doceri
683 1184 842 1226 amicos
883 1199 980 1226 suos
1011 1185 1183 1239 iubent,
1224 1199 1480 1240 quamquam
1511 1184 1651 1225 minus
1683 1183 1785 1225 mali

183 1255 261 1308 est,
296 1253 331 1294 si
361 1252 425 1294 illi
457 1253 609 1294 saltem
640 1255 755 1295 recte
788 1253 956 1295 discant
986 1256 1184 1308 recteque
1207 1253 1400 1296 doceant.
1440 1252 1512 1294 sed
1535 1253 1628 1308 quis
1651 1252 1787 1309 discet

181 1324 270 1363 tani
315 1322 425 1363 bene
470 1336 598 1376 quam
635 1322 877 1376 patronus?
943 1322 1152 1377 quomodo
1190 1324 1332 1364 autem
1379 1323 1596 1377 sequester
1633 1320 1704 1362 ille
1745 1323 1787 1362 et

181 1390 321 1432 media
351 1390 492 1431 litium
523 1405 675 1432 manus
708 1393 751 1432 et
781 1390 952 1446 quidam
984 1390 1197 1446 interpres
1236 1390 1441 1445 inpendet
1479 1404 1612 1445 aequo
1644 1390 1786 1431 animo

181 1459 372 1501 laborem
402 1459 448 1500 in
481 1459 644 1500 alienas
677 1460 892 1514 actiones,
936 1475 1031 1501 cum
1063 1460 1240 1501 dicturis
1271 1459 1385 1501 tanti
1415 1474 1515 1501 suae
1546 1474 1633 1500 non
1665 1457 1786 1500 sint?

141 1527 391 1583 5pessimae
423 1542 523 1569 uero
557 1529 878 1570 consuetudinis
909 1528 1065 1570 libellis
1097 1543 1188 1570 esse
1221 1529 1491 1582 contentum,
1533 1542 1636 1582 quos
1676 1541 1784 1568 com-

180 1596 303 1652 ponit
334 1598 409 1638 aut
439 1596 648 1652 litigator,
683 1598 754 1652 qui
787 1597 985 1653 confugit
1016 1597 1069 1638 ad
1098 1598 1343 1651 patronum,
1378 1596 1476 1651 quia
1498 1596 1563 1637 liti
1585 1597 1676 1650 ipse
1697 1610 1786 1638 non

181 1665 354 1719 sufficit,
389 1667 463 1706 aut
494 1665 647 1720 aliquis
681 1681 731 1707 ex
763 1681 811 1707 eo
843 1681 1001 1722 genere
1034 1665 1353 1719 aduocatorum,
1387 1665 1457 1720 qui
1488 1679 1531 1706 se
1553 1680 1641 1706 non
1662 1679 1786 1719 posse

181 1749 308 1790 agere
342 1733 614 1788 confitentur,
648 1734 799 1776 deinde
830 1734 998 1776 faciunt
1028 1734 1072 1775 id
1103 1734 1214 1789 quod
1247 1736 1311 1775 est
1342 1733 1388 1774 in
1420 1733 1587 1788 agendo
1619 1733 1786 1774 difficil-

179 1803 341 1844 limum.
404 1817 505 1844 nam
537 1803 609 1857 qui
639 1803 841 1857 iudicare,
874 1803 974 1858 quid
1006 1803 1249 1857 dicendum,
1282 1801 1382 1856 quid
1415 1801 1782 1855 dissimulandum,

181 1871 281 1926 quid
314 1871 630 1926 declinandum,
663 1871 931 1925 mutandum,
965 1871 1215 1927 fingendum
1247 1870 1377 1912 etiani
1408 1870 1484 1924 sit,
1518 1872 1679 1924 potest,
1713 1884 1786 1911 cur

142 1941 269 1981 611011
301 1939 357 1980 sit
387 1941 545 1994 orator,
579 1940 763 1995 quando,
798 1940 909 1995 quod
941 1940 1158 1981 difficilius
1191 1941 1268 1993 est,
1302 1941 1515 1980 oratorem
1544 1937 1682 1980 facit?
1741 1937 1785 1978 hi

181 2022 307 2063 porro
337 2022 425 2049 non
455 2010 626 2049 tantum
656 2010 876 2062 nocerent,
910 2009 943 2049 si
977 2009 1120 2063 omnia
1152 2008 1401 2061 scriberent,
1434 2007 1495 2048 uti
1526 2008 1648 2062 gesta
1669 2008 1783 2047 sunt.

182 2092 298 2118 nunc
332 2076 555 2118 consilium
587 2080 630 2118 et
662 2077 822 2118 colores
855 2077 1047 2118 adiciunt
1080 2080 1121 2117 et
1153 2076 1295 2131 aliqua
1325 2076 1470 2130 peiora
1502 2075 1637 2129 ueris,
1678 2089 1785 2129 quae

184 2146 376 2200 plerique
410 2160 505 2186 011111
537 2148 819 2200 acceperunt,
860 2146 1075 2186 inmutare
1113 2144 1236 2185 nefas
1274 2144 1436 2185 habent
1474 2146 1516 2185 et
1546 2143 1665 2185 uelut
1694 2142 1785 2184 the-

181 2216 298 2255 mata
329 2215 375 2255 in
408 2213 563 2255 scholis
594 2214 734 2268 posita
767 2214 1026 2255 custodiunt.
1063 2202 1242 2254 'deinde
1274 2212 1596 2267 deprenduntur
1627 2213 1669 2253 et
1691 2226 1784 2252 cau-

183 2298 287 2337 sam,
321 2298 449 2338 quain
480 2283 642 2324 discere
674 2298 724 2324 ex
756 2283 842 2323 suis
873 2281 1160 2338 litigatoribus
1181 2281 1425 2335 noluerunt,
1459 2295 1508 2321 ex
1531 2279 1785 2321 aduersariis

142 2352 365 2406 7discunt.
426 2351 607 2392 liberum
637 2352 771 2406 igitur
802 2352 948 2392 demus
981 2352 1080 2391 ante
1102 2349 1246 2391 omnia
1266 2350 1333 2404 iis,
1367 2363 1544 2404 quorum
1565 2348 1786 2403 negotium

182 2420 276 2473 crit,
310 2421 477 2474 tempus
510 2434 558 2461 ac
590 2420 743 2474 locuni,
778 2418 1131 2473 exhortemurque
1160 2418 1286 2473 ultro,
1320 2419 1367 2458 ut
1388 2417 1531 2458 onmia
1552 2416 1786 2471 quamlibet

274 2571 293 2600 5
321 2571 385 2600 aut
408 2570 451 2600 B:
480 2571 551 2602 afi'r
576 2571 614 2611 b,
641 2580 685 2602 ac
710 2571 744 2600 M
839 2569 1081 2602 communium
1107 2570 1160 2600 ecl.
1189 2568 1304 2610 Camp.
1411 2566 1595 2599 tractandi
1619 2566 1783 2608 largian-

183 2617 239 2646 tur
267 2614 389 2655 aliquo
417 2615 479 2647 scd
506 2626 538 2646 a.
563 2617 584 2647 b
677 2617 697 2647 9
724 2615 929 2657 gloriantur
954 2632 995 2636 —
1022 2617 1147 2646 tenere
1176 2624 1214 2646 se
1241 2625 1302 2645 om.
1329 2614 1363 2643 M
1481 2615 1521 2645 10
1548 2612 1731 2654 accipisse
1758 2612 1784 2642 B

275 2661 314 2691 11
343 2671 450 2702 quam
476 2664 517 2692 ut
543 2660 696 2692 audiant
719 2662 740 2692 b
882 2662 922 2691 12
948 2670 1067 2702 ncquc
1095 2659 1140 2691 ad
1167 2659 1243 2691 iudi
1267 2660 1320 2698 M,
1353 2669 1472 2700 noque
1500 2658 1625 2690 ducem
1650 2658 1670 2688 b

184 2707 224 2738 13
250 2705 446 2747 ligatorem
474 2706 499 2736 B
595 2706 879 2738 decantauerint
904 2707 939 2736 Μ
1049 2707 1089 2737 14
1114 2705 1263 2737 delitias
1289 2705 1339 2735 Bn
1457 2705 1497 2735 15
1521 2704 1649 2735 iuuent
1672 2703 1692 2733 b

184 2752 224 2782 16
252 2751 315 2783 sed
339 2752 392 2791 Bg
417 2762 507 2783 corr.
536 2764 582 2784 ecc
607 2762 645 2783 sc
764 2753 804 2784 19
831 2751 1030 2784 dicturisue
1058 2761 1126 2783 non
1153 2752 1189 2781 M
1305 2750 1356 2782 sit
1379 2750 1458 2781 libri
1571 2750 1614 2780 25
1639 2750 1784 2779 mutan-

182 2796 311 2828 ‹lumue
338 2798 373 2827 M
467 2797 675 2838 lingendum
701 2809 761 2830 om.
790 2799 811 2828 b
907 2797 1016 2828 etiam
1043 2796 1260 2838 quandoque
1287 2796 1336 2827 sit
1363 2795 1507 2827 Obrecht
1597 2794 1639 2825 ‘26
1666 2796 1783 2825 orato-

182 2853 257 2873 rcln
284 2853 344 2875 om.
370 2844 404 2873 M
521 2844 563 2875 28
591 2843 741 2875 adicunt
768 2843 893 2884 aliqua
918 2843 939 2873 b
1032 2841 1156 2873 uerbis
1182 2843 1217 2871 M
1333 2842 1375 2872 ‘29
1400 2840 1581 2871 inmutare
1606 2839 1691 2870 BM:
1721 2849 1782 2870 an-

183 2892 324 2919 mutare
349 2889 382 2929 b,
411 2891 553 2921 mutare
579 2891 640 2920 FT
757 2891 799 2921 30
824 2887 1145 2930 deprehenduntur
1169 2888 1232 2921 Μς
1348 2887 1389 2918 31
1417 2896 1460 2917 ex
1487 2884 1590 2916 euius
1615 2886 1635 2915 b
1741 2895 1783 2916 ex

184 2933 396 2965 aduersaris
420 2934 457 2975 B,
485 2946 546 2967 em.
572 2936 605 2966 in
630 2936 662 2975 b,
692 2935 736 2966 ab
766 2933 931 2966 aduersis
956 2935 991 2964 M
1061 2934 1103 2965 32
1130 2932 1174 2964 iis
1199 2933 1244 2963 B:
1270 2933 1301 2963 is
1327 2930 1399 2962 nisi
1425 2931 1480 2962 ais
1505 2931 1526 2961 b
1599 2932 1642 2962 33
1670 2930 1743 2962 crie
1762 2931 1782 2961 b

273 2978 369 3010 ultro
396 2991 457 3011 om.
485 2981 505 3010 b

1805 853 1837 877 10

1805 1195 1837 1220 15

1805 1538 1838 1563 20

1804 1880 1837 1904 25

1805 2221 1837 2247 30
