1939 3180
207 106 256 146 17
262 104 287 144 6
727 103 1021 145 QUINTILIANI
1051 102 1172 133 ms'r.
1206 101 1280 131 oa.

206 230 307 257 nam
339 215 381 255 et
414 213 614 254 coeuntes
645 209 829 262 litterae,
863 221 970 262 quae
1003 204 1258 257 (υναλοιφαί
1279 202 1492 255 dicuntur,
1516 201 1655 254 ,etiam
1680 198 1812 241 lenio-

206 298 295 325 rem
324 281 492 323 faciunt
522 278 774 331 orationem,
808 289 934 330 quam
966 274 1002 314 si
1023 272 1168 314 omnia
1197 270 1330 312 uerba
1360 283 1435 311 suo
1456 269 1541 310 fine
1572 267 1810 321 eludantur,

207 354 250 394 et
278 362 602 403 nonnumquam
632 345 776 387 hiulca
808 343 939 385 etiam
970 341 1125 383 decent
1161 339 1412 393 faciuntque
1448 336 1656 392 ampliora
1687 350 1813 391 quae-

208 421 327 474 dam,
361 420 409 460 ut
440 415 694 472 ‘pulchra
724 411 968 454 oratione
999 409 1106 451 ista
1136 409 1281 466 iacta
1311 408 1401 460 te’,
1435 420 1530 447 cum
1550 404 1707 460 longae
1738 418 1813 458 per

208 503 252 530 se
269 489 312 529 et
328 487 447 529 uelut
462 484 630 540 opimae
649 481 839 538 syllabae
857 478 1017 534 aliquid
1040 477 1175 531 etiamx
1191 474 1320 516 medii
1337 474 1542 529 temporis
1558 473 1672 514 inter
1690 486 1813 513 uoca-
1834 482 1849 508 5

140 561 191 602 37
207 557 290 611 les,
331 554 452 611 quasi
494 551 809 604 intersistatur,
859 536 1113 590 adsumunt.¹
1149 536 1152 539 ⁴
1171 546 1253 599 qua
1292 543 1342 584 de
1379 557 1425 584 re
1462 544 1560 584 utar
1598 540 1815 583 Ciceronis

209 624 479 680 potissimum
510 619 668 662 uerbis.
730 617 915 670 habet,
948 615 1103 670 inquit,
1136 612 1231 654 ille
1262 614 1525 666 tamquam
1556 609 1734 651 hiatus
1767 611 1816 650 et

210 705 500 735 concursus
530 686 799 730 uocalium
837 684 996 725 molle
1038 681 1306 738 quiddam,
1346 682 1396 721 et
1439 678 1571 734 quod
1610 677 1818 719 indicet

210 775 312 803 non
333 760 606 816 ingratam
628 752 1035 810 neglegentiam
1057 751 1117 792 de
1145 764 1198 791 re
1219 747 1452 790 hominis
1473 746 1643 802 magis
1665 759 1816 801 quam

211 830 269 871 de
299 827 482 871 uerbis
513 823 831 867 laborantis.
952 851 955 856 s
1837 825 1868 849 10

329 897 529 940 Ceterum
553 893 841 936 consonantes
864 903 1044 945 quoque,
1079 901 1307 941 earumque
1329 885 1559 941 praecipue
1589 897 1696 939 quae
1719 883 1820 924 sunt

213 966 470 1022 asperiores,
512 964 557 1005 in
601 960 878 1004 commissura
918 958 1145 1000 uerborum
1183 956 1401 1008 rixantur,
1447 955 1495 994 ut
1533 952 1568 994 si
1613 966 1632 993 s
1669 951 1820 992 ultima

214 1051 309 1078 cum
342 1051 368 1076 x
400 1032 594 1090 proxima
626 1029 854 1084 confligat,
888 1041 1066 1082 quarum
1096 1024 1262 1066 tristior
1294 1023 1444 1077 etiam,
1478 1022 1513 1063 si
1544 1020 1672 1062 binae
1705 1019 1819 1061 eolli-

144 1111 197 1152 38
213 1105 384 1158 dantur,
409 1101 565 1144 stridor
587 1101 663 1150 est,
697 1099 745 1138 ut
775 1102 868 1138 ‘ars
890 1095 1166 1137 studiorum’.
1210 1105 1317 1147 quae
1338 1091 1423 1132 fuit
1445 1104 1571 1134 causa
1593 1091 1635 1130 et
1657 1087 1818 1141 Seruio,

215 1176 263 1215 ut
294 1173 423 1226 dixit,
466 1166 783 1212 subtrahendae
816 1181 833 1206 s
865 1165 1057 1217 litterae,
1098 1161 1297 1217 quotiens
1328 1159 1481 1201 ultima
1510 1159 1621 1199 esset
1652 1156 1820 1211 aliaque
1842 1167 1871 1192 15

215 1242 478 1284 consonante
509 1237 810 1292 susciperetur,
844 1232 954 1288 quod
976 1229 1253 1286 reprehendit
1278 1228 1504 1281 Luranius,
1536 1225 1722 1268 Messala
1753 1225 1822 1276 de-

214 1309 368 1352 fendit.
430 1322 531 1349 nam
563 1319 700 1361 neque
731 1302 942 1345 Lucilium
974 1301 1098 1356 putat
1119 1299 1182 1340 uti
1214 1297 1361 1339 eadem
1392 1296 1557 1350 ultima,
1591 1309 1685 1336 cum
1719 1293 1823 1335 dicit

215 1378 549 1421 Aeserninus
580 1374 689 1417 fuit
720 1375 764 1414 et
794 1371 988 1426 dignus
1021 1369 1268 1422 locoque,
1311 1367 1353 1407 et
1385 1365 1533 1408 Cicero
1563 1364 1610 1405 in
1642 1363 1822 1405 Oratore

146 1454 200 1496 39
215 1448 357 1503 plures
391 1445 665 1500 antiquorum
686 1441 820 1483 tradit
850 1439 912 1480 sic
942 1438 1121 1480 locutos.
1183 1435 1283 1476 inde
1316 1433 1606 1489 ebelligerare,
1640 1431 1821 1487 pomeri—

215 1517 350 1558 diem'
384 1517 426 1557 et
456 1513 530 1555 illa
561 1511 738 1555 Censori
770 1507 947 1552 Catonis
983 1505 1165 1557 †‘diee
1203 1503 1377 1557 hanc',
1423 1516 1556 1557 aeque
1594 1516 1637 1542 m
1677 1500 1824 1541 littera
1840 1511 1874 1536 20

214 1586 260 1627 in
300 1599 321 1626 e
359 1582 536 1625 mollita.
599 1594 707 1637 quae
745 1578 790 1620 in
821 1576 1038 1619 ueteribus
1076 1573 1196 1615 libris
1235 1574 1405 1627 reperta
1445 1573 1611 1612 mutare
1648 1568 1824 1624 inperiti

308 1760 341 1792 6.
368 1758 471 1790 Orat.
497 1759 554 1797 23,
579 1757 634 1788 77.
732 1754 782 1785 17.
809 1752 887 1784 Sat.
913 1750 978 1784 lib.
1004 1751 1036 1789 4,
1064 1750 1111 1781 cf.
1138 1748 1228 1781 Non.
1255 1759 1288 1790 p.
1315 1748 1390 1780 393.
1487 1745 1538 1776 18.
1569 1755 1599 1776 c.
1626 1744 1680 1785 48,
1710 1744 1784 1774 161.

312 1922 328 1952 1
357 1919 555 1952 coheuntes
581 1918 608 1947 G
688 1917 951 1953 cinaAAorispaI
971 1911 999 1941 A
1027 1908 1127 1951 (UNA
1152 1910 1185 1940 in
1209 1907 1311 1949 ras.)‚
1337 1911 1528 1947 ciclaaqtmr
1548 1906 1575 1936 G
1602 1900 1825 1943 (ευναλοῑφή

220 1967 356 1999 dicitur
382 1966 518 2006 Regius)
593 1961 768 1993 leniorem
789 1961 808 1990 S
834 1958 886 2000 (ut
903 1956 1052 1998 uidetur)
1079 1959 1110 1987 et
1130 1955 1271 1996 Heyins:
1299 1952 1473 1985 leuiorem
1490 1950 1598 1982 AGM
1676 1951 1695 1980 2
1722 1948 1827 1990 quasi

220 2013 340 2045 omnia
367 2011 436 2042 GM
569 2010 589 2039 4
615 2006 780 2039 oratione
807 2005 881 2036 ista
908 2004 1008 2035 iacta
1035 2007 1071 2032 tc
1097 2001 1223 2041 scripsi
1255 2001 1386 2031 incerta
1419 1999 1632 2030 coniectura:
1660 1995 1827 2026 oratione

221 2062 306 2090 acta
333 2057 450 2089 oratio
478 2056 618 2086 iactate
646 2053 803 2091 (iactare
821 2049 899 2091 MS)
917 2048 1041 2087 'GMS,
1068 2047 1234 2079 oratione
1261 2048 1347 2076 aeta
1372 2045 1490 2076 oratio
1519 2044 1642 2074 aetate
1668 2041 1697 2071 A
1722 2044 1756 2071 ut
1781 2040 1829 2070 zti-

221 2106 320 2137 deam·
345 2114 436 2136 corr.
461 2102 495 2132 in
521 2099 687 2132 oratione
716 2100 803 2129 acta
829 2096 948 2128 oratio
975 2095 1129 2140 iactate,
1169 2091 1390 2133 Spaldingyius
1420 2090 1454 2121 in
1485 2088 1604 2121 oratio
1635 2087 1829 2127 suspicatur

221 2161 293 2183 uoc.
315 2152 438 2181 orator
462 2149 582 2185 latere,
609 2144 671 2176 sest
694 2144 743 2175 sic
768 2153 834 2174 71071
859 2143 989 2173 multum
1015 2142 1183 2171 luc-ramur
1207 2138 1254 2168 ad
1278 2137 1343 2168 loci
1367 2135 1603 2167 obscuritatem
1624 2133 1828 2165 tollendam:

222 2207 296 2228 nam
314 2195 451 2237 phrasis
471 2194 548 2234 ipsa
562 2191 766 2223 orationem
783 2198 893 2230 agere
908 2187 1002 2218 aliud
1014 2186 1126 2216 uitium
1140 2185 1348 2215 demonstrat
1421 2191 1500 2213 cum
1515 2180 1589 2211 AS:
1609 2182 1682 2209 tum
1698 2178 1828 2210 GMag

289 2241 398 2283 longe
424 2239 528 2277 AGS,
553 2236 715 2277 longaM
809 2235 829 2265 5
855 2233 1001 2275 opimae
1021 2230 1184 2262 Obrecht:
1211 2229 1371 2270 optimae
1389 2227 1524 2258 AGMS
1601 2222 1783 2265 aliquidA

222 2286 350 2319 mediis
375 2283 600 2326 temporibus
624 2282 713 2321 libri,
740 2291 801 2312 em.
829 2279 954 2321 Regius
1047 2277 1065 2308 7
1092 2275 1303 2318 potissimus
1327 2271 1408 2304 A¹G
1501 2273 1521 2304 8
1548 2278 1723 2303 concursu
1739 2266 1783 2298 A¹

224 2332 326 2365 molle
340 2332 379 2370 A,
399 2330 511 2362 molet
528 2330 565 2368 G,
594 2327 701 2359 molle
720 2326 818 2358 uolet
835 2326 871 2355 M
944 2324 983 2354 11
1011 2331 1207 2363 earumque
1227 2319 1420 2362 praecipue
1439 2328 1524 2361 quae
1541 2321 1617 2348 sunt
1634 2315 1674 2354 A,
1704 2323 1829 2346 earum

223 2389 318 2421 quae
333 2377 605 2420 praecipueque
621 2375 706 2405 sunt
720 2373 759 2412 G,
787 2380 910 2402 carum
930 2369 1178 2410 precipueque
1197 2366 1330 2398 suntM
1408 2366 1447 2396 12
1473 2366 1513 2395 ut
1531 2363 1561 2395 si
1580 2372 1596 2393 s
1611 2359 1830 2403 —proxima

225 2424 402 2465 confligat
428 2423 535 2453 Iulius
558 2421 679 2452 Victor
705 2430 733 2451 (κ
754 2419 797 2449 20
823 2416 873 2457 (p.
893 2416 977 2453 433,
1001 2413 1058 2455 3).·
1086 2416 1122 2445 01
1149 2424 1164 2444 s
1184 2430 1225 2435 —
1245 2412 1408 2454 proxima
1426 2410 1504 2441 libri
1527 2408 1612 2450 (sine
1640 2404 1829 2447 confligat)

318 2471 358 2501 13
386 2469 497 2500 etiam
522 2467 553 2498 si
575 2466 604 2496 A
706 2465 747 2495 14
772 2461 907 2494 stridor
934 2463 990 2492 est
1014 2458 1265 2491 uastudiorum
1290 2457 1375 2498 AG,
1403 2455 1543 2487 tristior
1571 2456 1626 2485 est
1650 2451 1831 2484 uastidio-

225 2526 302 2548 rum
328 2516 366 2555 S,
392 2517 433 2545 ut
459 2523 529 2544 ars.
557 2511 649 2544 stud.
676 2520 737 2541 om.
763 2509 814 2547 M;
855 2506 1002 2547 exempli
1026 2506 1215 2537 emendatio
1247 2504 1365 2535 nititur
1395 2504 1468 2533 Ioco
1497 2500 1667 2531 Diomedis
1702 2509 1738 2539 p.
1766 2497 1831 2528 467

226 2562 319 2595 Keil.
347 2561 456 2592 ‘item
487 2569 529 2590 ex
557 2553 845 2589 consonantibus
872 2562 966 2594 quae
993 2551 1030 2582 in
1056 2561 1094 2582 se
1120 2549 1329 2581 incidentes
1355 2547 1509 2578 stridere
1536 2548 1572 2577 et
1591 2543 1694 2586 quasi
1719 2541 1831 2574 rixari

226 2606 400 2639 uidentur
424 2603 581 2636 uitanda
607 2603 776 2633 iunctura
803 2602 877 2639 est,
910 2600 950 2628 ut
975 2597 1108 2628 Sextus
1135 2596 1302 2634 Roscius,
1336 2603 1398 2625 rex
1424 2593 1578 2632 Xerxes,
1607 2599 1666 2620 ars
1691 2586 1830 2619 studio-

227 2654 324 2684 rum’
359 2652 437 2691 (arx
470 2648 671 2682 studiorum
703 2647 790 2678 coni.
817 2641 992 2683 Pithoeus)
1026 2642 1071 2682 (γ’.
1099 2643 1198 2673 etiam
1228 2641 1310 2671 Isid.
1336 2639 1390 2676 II,
1418 2640 1459 2669 19
1599 2635 1640 2666 15
1671 2637 1710 2665 ut
1741 2631 1832 2663 dixit

226 2698 424 2730 Lachmann
450 2695 514 2734 (ad
531 2695 668 2725 Luc-ret.
693 2704 728 2734 p.
747 2690 826 2730 29).·
852 2693 891 2721 ut
909 2688 983 2719 dixi
1009 2688 1087 2719 libri
1174 2684 1422 2718 subtraendae
1441 2685 1468 2714 G
1563 2681 1603 2712 16
1630 2675 1828 2717 Luranius]

226 2746 275 2776 sia
299 2745 398 2776 etiam
422 2742 531 2772 AGM
565 2738 772 2780 (lauranius
797 2735 830 2777 S)
973 2734 1012 2765 17
1044 2736 1152 2774 putat
1183 2734 1244 2772 (se.
1271 2727 1448 2769 Messala)
1482 2727 1666 2769 Spczldinq:
1699 2725 1830 2765 putant

229 2790 305 2821 libri
377 2788 417 2820 18
444 2786 667 2818 Aeserninus
690 2784 728 2814 L.
747 2783 786 2814 ff.
808 2780 957 2813 Selmn'clt
982 2778 1073 2819 (coll,
1094 2779 1204 2811 Nonio
1228 2788 1262 2818 p.
1283 2773 1391 2815 393).·
1417 2773 1558 2806 seriniis
1575 2771 1651 2810 AG,
1678 2778 1829 2801 serenus

229 2837 276 2874 M,
306 2843 433 2866 seruus
459 2834 478 2863 S
596 2832 635 2862 19
663 2829 883 2871 pelligerere
911 2825 1166 2867 promeridiem
1192 2824 1275 2862 AG,
1301 2820 1524 2861 belligerare
1550 2827 1614 2859 per
1641 2814 1828 2847 meridiem

228 2882 275 2920 M,
301 2879 525 2919 belligerare
553 2874 631 2917 (om.
658 2872 766 2917 pom.)
793 2874 813 2903 S
952 2872 995 2902 20
1021 2869 1202 2903 censorini
1227 2870 1262 2908 S,
1289 2865 1446 2898 censorii
1473 2872 1493 2898 ς
1625 2861 1732 2892 dieac
1759 2859 1829 2891 hac

233 2936 324 2965 eque
351 2924 425 2960 AG,
453 2924 508 2954 die
539 2926 574 2953 01
599 2922 668 2952 hac
696 2930 788 2961 aque
814 2920 845 2955 S,
873 2917 970 2948 dicte
997 2915 1135 2957 hecque
1161 2916 1211 2953 M,
1243 2914 1416 2953 scriptura
1441 2912 1572 2941 ineerta
1604 2912 1670 2946 est,
1704 2906 1748 2946 ‘'f·
1778 2910 1829 2937 ta-

232 2982 303 3001 men
332 2970 520 3000 Buecheler
547 2968 695 2999 Grundr.
723 2967 786 2995 der·
811 2966 867 2995 lat.
898 2963 1109 2993 [leelinatz'o‘n
1137 2972 1168 3001 p.
1192 2962 1233 2990 25
