1939 3228
118 527 133 552 5

772 128 853 157 ΧΠ.
901 125 936 168 9,
959 121 1112 153 9-—21.
1661 107 1743 149 343

151 235 380 292 plurimum
411 232 588 288 poterit:
633 245 770 286 neque
808 229 922 271 enim
959 227 1095 269 solum
1133 223 1425 280 neglegent-is,
1468 222 1540 263 sed
1571 221 1747 282 malipet

151 305 197 346 in
227 303 425 356 suscepta
465 314 591 341 causa
628 298 778 354 perfidi
818 312 867 338 ac
904 294 1132 351 proditoris
1172 295 1256 347 est,
1296 292 1415 347 peius
1455 304 1581 345 agere
1621 303 1747 344 quam

151 371 300 427 possit.
349 364 524 423 ideoque
546 382 600 409 ne
621 365 915 421 suscipiendae
937 363 1106 419 quidem
1127 363 1228 403 sunt
1250 374 1400 402 causae
1430 359 1586 414 plures,
1621 371 1748 412 quam

153 439 304 495 quibus
343 438 617 479 suffecturum
656 449 700 476 se
739 434 860 476 sciat.
930 432 1042 473 dicet
1082 430 1241 484 scripta
1285 441 1412 483 (1113111
1449 441 1516 468 163
1560 425 1748 480 patietur
1765 427 1815 468 16

153 507 335 563 plurima
366 507 429 560 et,
469 506 517 546 ut
547 502 857 545 Demosthenes
889 501 969 554 ait,
1008 500 1043 541 si
1076 498 1320 552 continget,
1361 498 1403 537 et
1434 495 1614 548 sculpta.
1676 493 1750 534 sed

152 576 233 617 1100
263 577 338 616 aut
367 573 529 628 primae
560 571 749 614 actiones
789 571 863 610 aut
899 583 1007 623 quae
1045 568 1090 609 in
1129 565 1311 621 publicis
1348 563 1515 604 iudiciis
1552 563 1650 616 post
1686 561 1751 602 in-

153 643 351 685 teriectos
382 642 470 683 dies
501 641 656 682 dantur
685 637 978 693 permiserint:
1011 638 1055 677 at
1076 649 1171 677 cum
1193 632 1386 688 protinus
1408 629 1750 686 respondendum

120 744 123 745 γ
154 715 238 767 est,
280 711 424 753 omnia
453 709 595 764 parari
632 722 720 749 non
751 708 950 762 possunt,
990 704 1093 746 adeo
1131 704 1180 743 ut
1210 701 1336 756 paulo
1366 700 1507 741 minus
1540 697 1747 753 promptis

103 868 133 892 10

107 1207 139 1234 15

107 1550 140 1574 ‘20

114 2231 145 2255 30

154 781 285 822 etiam
314 780 467 821 noceat
497 776 732 831 scripsisse,
765 775 800 816 si
832 775 916 815 alia
938 788 988 815 ex
1010 773 1190 824 diuerso,
1223 784 1351 824 quam
1373 767 1538 823 opinati
1559 767 1744 819 fuerant,

155 849 429 891 occurrerint.
499 845 626 887 inuiti
657 845 770 885 611161
800 842 1006 884 recedunt
1037 856 1060 881 3
1091 838 1356 894 praeparatis
1388 838 1431 877 et
1460 837 1551 877 tota
1583 834 1749 876 actione
1766 838 1815 878 17

155 916 391 971 respiciunt
421 914 745 968 requiruntque,
779 926 882 952 num
913 909 1072 964 aliquid
1103 922 1153 949 ex
1183 906 1267 948 illis
1298 903 1513 946 interuelli
1545 905 1669 957 atque
1702 917 1751 944 ex

156 988 344 1039 tempore
376 982 565 1024 dicendis
597 980 727 1022 inseri
759 979 911 1034 possit:
951 977 1063 1032 quod
1101 976 1136 1017 si
1177 975 1273 1028 fiat,
1315 988 1402 1015 non
1442 971 1641 1014 cohaeret
1671 985 1751 1012 nec

157 1051 440 1095 commissuris
471 1050 609 1103 modo,
642 1050 690 1089 ut
719 1048 765 1088 in
796 1061 921 1102 opere
953 1045 1063 1086 male
1093 1045 1255 1096 iunctO,
1289 1041 1523 1094 hiantibus,
1555 1039 1627 1081 sed
1658 1039 1751 1093 ipsa

158 1121 307 1163 coloris
347 1118 652 1173 inaequalitate
691 1115 918 1170 detegitur.
987 1115 1049 1155 ita
1087 1126 1165 1153 nec
1205 1111 1312 1152 liber
1350 1112 1414 1151 est
1450 1110 1633 1163 impetus
1671 1110 1818 1150 116018

159 1204 259 1232 cura
291 1189 504 1241 contexta,
538 1188 581 1227 et
610 1187 837 1238 utrumque
869 1182 991 1224 alteri
1014 1182 1176 1236 opstat:
1207 1180 1281 1220 illa
1304 1179 1431 1231 enim,
1465 1192 1571 1232 quae
1593 1176 1753 1230 scripta

159 1260 272 1311 sunt,
306 1256 495 1297 retinent
525 1254 728 1307 animum,
762 1266 848 1293 non
880 1252 1126 1305 sequuntur.
1188 1248 1332 1302 itaque
1363 1247 1408 1287 in
1438 1246 1489 1286 iis
1512 1244 1751 1286 actionibus

158 1326 287 1380 omni,
318 1327 366 1366 ut
397 1322 610 1379 agricolae
641 1321 800 1373 dicunt,
832 1320 937 1375 pede
968 1318 1168 1360 standum
1200 1318 1276 1357 est.
1326 1329 1428 1356 nain
1459 1329 1553 1354 cum
1584 1313 1629 1353 in
1659 1327 1752 1366 pro·
1770 1314 1821 1355 19

158 1394 369 1450 positione
401 1406 450 1433 ac
481 1390 739 1432 refutatione
763 1403 889 1430 031133
911 1387 1132 1439 consistat,
1166 1399 1273 1439 (11136
1293 1385 1464 1424 nostrae
1485 1382 1618 1436 partis
1641 1382 1752 1434 sunt,

159 1463 318 1517 scripta
349 1475 439 1502 esse
471 1460 672 1514 possunt,
714 1472 821 1512 (11136
853 1457 983 1497 etiam
1014 1467 1315 1509 responsurum
1346 1450 1634 1492 aduersarium
1669 1463 1754 1490 cer-

159 1534 250 1574 tum
282 1532 345 1571 est
377 1529 460 1582 (est
490 1527 603 1569 enim
635 1525 862 1580 aliquando
895 1523 1090 1575 certum),
1122 1522 1215 1576 pari
1248 1535 1347 1562 cura
1374 1518 1641 1560 refelluntur.
1703 1517 1755 1557 ad

161 1600 245 1641 alia
275 1612 407 1639 unum
438 1598 636 1651 paratum
667 1594 831 1635 adferre
862 1606 1107 1648 possumus,
1148 1592 1196 1631 ut
1235 1603 1403 1630 causam
1441 1588 1549 1629 bene
1588 1585 1753 1627 noueri-

160 1683 273 1721 mus,
316 1666 497 1707 alterum
536 1664 595 1704 ibi
634 1677 819 1715 sumere,
861 1664 908 1702 ut
946 1661 1157 1701 dicentem
1197 1657 1487 1698 aduersarium
1525 1655 1754 1709 diligenter

161 1735 392 1777 audiamus.
454 1732 555 1773 licet
584 1734 730 1772 tamen
761 1729 1056 1784 praecogitare
1088 1727 1210 1781 plura
1241 1728 1283 1766 et
1314 1725 1503 1766 animum
1534 1723 1586 1764 ad
1617 1723 1823 1765 0111111320

163 1818 283 1845 casus
316 1814 581 1856 componere,
614 1799 740 1853 idque
772 1800 836 1839 est
866 1798 1000 1838 tutius
1032 1796 1143 1849 stilo,
1177 1810 1258 1849 quo
1289 1793 1458 1834 facilius
1481 1794 1522 1833 et
1543 1790 1756 1831 omittitur

162 1871 365 1927 cogitatio
397 1871 440 1910 et
468 1869 741 1910 transfertur.
811 1866 882 1907 sed
921 1865 1009 1905 siue
1047 1865 1093 1905 in
1131 1862 1426 1917 respondendo
1456 1860 1586 1901 fuerit
1616 1858 1757 1899 subito

162 1939 409 1992 dicendum,
452 1937 541 1978 siue
573 1950 679 1990 quae
712 1935 795 1976 alia
825 1935 886 1975 ita
917 1933 1108 1988 exegerit
1137 1932 1268 1984 ratio,
1309 1944 1395 1971 non
1433 1942 1681 1983 oppressum
1713 1941 1756 1967 36

163 2008 495 2062 30116111611311111
529 2004 671 2046 credet
700 2006 863 2056 orator,
907 2002 972 2043 cui
1012 2000 1241 2055 disciplina
1279 2001 1321 2040 et
1351 1997 1536 2039 studium
1568 1998 1610 2037 et
1641 2010 1756 2036 exer-

163 2076 309 2118 citatio
341 2074 501 2115 dederit
533 2073 645 2113 uires
677 2071 807 2112 etiam
836 2069 1080 2112 facilitatis:
1114 2083 1237 2123 quem
1269 2068 1480 2108 armatum
1511 2079 1677 2118 semper
1709 2078 1756 2104 ac
1763 2065 1821 2120 {21

162 2144 279 2185 uelut
308 2143 354 2184 in
386 2142 608 2197 procinctu
640 2142 825 2181 stantem
856 2153 943 2179 non
973 2138 1112 2192 magis
1142 2150 1344 2191 umquam
1375 2134 1420 2174 in
1453 2133 1588 2174 causis
1620 2132 1755 2173 oratio

167 2227 294 2268 quam
323 2212 370 2252 in
400 2210 524 2251 rebus
565 2208 787 2250 cotidianis
827 2222 875 2248 30
915 2206 1155 2247 domesticis
1194 2218 1330 2245 sermo
1369 2201 1555 2254 deficiet,
1596 2214 1675 2241 nec
1713 2214 1757 2240 se

162 2294 363 2335 umquam
394 2279 568 2333 propter
599 2276 678 2317 hoc
709 2275 827 2316 oneri
858 2273 1093 2327 subtrahet,
1126 2273 1249 2314 modo
1280 2272 1335 2312 sit
1358 2284 1509 2312 causae
1531 2267 1756 2309 discendae

163 2351 350 2402 tempus:
381 2360 482 2386 nam
514 2346 654 2385 cetera
685 2357 851 2397 semper
881 2342 1000 2383 sciet.

258 2433 273 2460 l
301 2412 525 2460 solum-BM:
554 2425 622 2457 hoc
648 2424 763 2457 solum
787 2425 807 2454 b
923 2423 1166 2464 neglegentes
1190 2423 1210 2452 b
1350 2423 1368 2451 ’.ἑ
1396 2429 1510 2452 causa
1535 2430 1595 2450 om.
1622 2419 1642 2448 b

165 2480 184 2509 3
210 2475 324 2518 pluris
349 2474 401 2513 Bg
426 2474 497 2503 lm.
606 2472 626 2502 5
653 2471 844 2511 continget
869 2472 905 2500 et
929 2470 967 2499 b:
995 2472 1031 2500 et
1055 2478 1116 2499 om.
1144 2467 1215 2497 ΒΜ
1308 2464 1470 2506 sculptas
1497 2468 1533 2496 et
1558 2466 1598 2495 ut
1623 2463 1692 2494 hoc
1719 2466 1759 2493 ut

165 2522 303 2564 primae
331 2518 491 2550 actionis
517 2519 581 2547 aut
606 2517 643 2546 in
670 2515 826 2557 publicis
851 2514 998 2545 indiciis
1024 2514 1044 2544 b
1140 2514 1157 2544 7
1184 2511 1392 2553 permiserit
1416 2512 1452 2540 M
1547 2509 1591 2541 ad
1618 2519 1697 2540 cum
1722 2509 1755 2548 b,

165 2570 230 2599 aut
256 2575 337 2597 cum
361 2564 432 2594 ΒΜ
526 2563 545 2593 9
572 2562 719 2592 fuerant
743 2561 785 2591 B:
815 2560 951 2591 fuerint
975 2560 1037 2589 Mb
1134 2559 1174 2589 10
1200 2560 1277 2589 tota
1302 2558 1339 2587 b:
1367 2559 1455 2587 nota
1479 2556 1560 2595 BM,
1583 2555 1667 2595 fort.
1696 2564 1757 2584 no-

165 2615 244 2644 tata
269 2614 347 2642 tota
442 2610 481 2639 11
509 2607 699 2648 requirunt
725 2616 819 2647 quae
845 2606 870 2636 B
963 2602 1152 2635 interbelli
1176 2604 1207 2639 b,
1235 2601 1423 2633 interualli
1446 2602 1516 2631 ΒΜ
1611 2601 1651 2630 12
1677 2609 1757 2639 pos—

166 2661 250 2690 sunt
274 2657 294 2687 b
389 2653 483 2696 quod
507 2654 545 2684 b:
574 2663 635 2685 0711.
654 2652 736 2691 ΒΜ,
762 2650 798 2682 id
825 2651 936 2682 Christ
1031 2651 1070 2680 13
1096 2651 1135 2679 ut
1158 2648 1265 2689 inopi¹
1289 2648 1309 2678 b
1404 2647 1445 2677 16
1470 2647 1666 2687 repentent
1690 2645 1710 2674 b

166 2704 343 2736 secuntur
367 2701 402 2730 Μ
501 2698 539 2729 16
564 2697 620 2728 1113
647 2705 668 2731 ς
785 2697 825 2728 18
851 2696 949 2737 parti
973 2695 1035 2735 Eg,
1064 2697 1167 2736 parte
1192 2694 1211 2724 b
1331 2694 1369 2724 19
1397 2693 1535 2733 scripta
1560 2691 1640 2721 Mb:
1667 2689 1758 2721 scri-

167 2752 267 2791 ptam
292 2747 317 2778 B
413 2748 449 2776 et
475 2754 512 2775 se
539 2745 693 2785 possunt
716 2743 736 2772 b
832 2744 970 2773 certum
998 2743 1053 2772 est
1079 2741 1174 2770 enim
1199 2739 1219 2769 b
1314 2739 1354 2768 ²22
1383 2737 1537 2769 alterum
1564 2736 1637 2768 sibi
1663 2745 1757 2766 sum-

168 2803 315 2826 mouere
342 2791 527 2822 dicentem
553 2789 587 2819 M
680 2789 722 2819 25
748 2791 784 2818 et
811 2787 888 2818 siue
914 2787 933 2817 b
1051 2786 1093 2817 26
1118 2785 1171 2814 ita
1196 2784 1282 2814 BM:
1310 2793 1370 2814 om.
1396 2784 1416 2814 b
1510 2792 1581 2813 non
1608 2790 1757 2822 oppres·

169 2850 246 2872 sum
271 2839 314 2869 B:
344 2847 415 2868 non
442 2845 535 2876 quae
561 2843 724 2876 pressum
749 2834 781 2873 b,
809 2841 1004 2872 numquam
1029 2839 1243 2871 oppressum
1269 2837 1306 2868 ς;
1334 2830 1587 2860 non—orator
1611 2826 1720 2858 om.M

168 2887 209 2917 *27
237 2895 281 2915 ac
307 2883 476 2928 depssum
503 2879 587 2923 (pro
613 2877 816 2920 deprcsum)
842 2878 880 2918 B,
908 2888 951 2908 ac
977 2875 1244 2917 deprehensum
1270 2882 1290 2908 ς
1382 2874 1425 2905 28
1451 2872 1616 2904 facilitas
1640 2873 1675 2902 M

169 2939 274 2971 quem
298 2929 336 2960 b:
364 2937 539 2970 quemque
565 2926 663 2958 ΒΜς
756 2925 798 2955 29
824 2923 940 2964 magis
967 2930 1186 2962 quamquam
1210 2920 1230 2950 b
1324 2920 1365 2951 31
1392 2921 1540 2961 propter
1566 2929 1626 2950 om.
1652 2918 1688 2950 M

172 2976 213 3008 32
240 2984 382 3016 semper
406 2983 467 3005 om.
494 2972 527 3003 M
622 2970 727 3003 sciet.
776 2969 840 3001 DE
867 2966 1063 3000 GENERE
1089 2965 1295 2999 DICENDI
1320 2965 1389 2997 ΒΜ
