1939 3228
750 116 849 146 vni.
895 114 928 159 4,
955 114 994 144 12
1007 115 1124 145 —--2<.›.
1674 106 1727 148 89

150 216 221 258 ubi
252 212 635 271 minime‘deceret,
668 218 885 269 uomendi,
921 220 962 259 et
995 218 1111 260 cibus
1142 232 1224 260 non
1259 234 1427 274 recens,
1460 221 1507 260 ut
1539 219 1727 261 accidere

148 284 320 325 interim
350 284 470 338 solet,
502 285 759 339 redderetur,
793 285 864 326 sed
895 300 1026 340 usque
1056 286 1102 327 in
1133 289 1347 340 posterum
1377 287 1488 328 diem
1522 287 1726 328 redunda-

148 354 225 392 ret.
287 351 397 392 idem
426 351 505 393 hoc
535 354 757 407 praest-ant
787 367 892 406 quae
931 355 1272 396 antecesserunt:
1309 369 1409 396 nam
1446 369 1539 396 011111
1570 355 1726 396 Aeolus
1744 345 1815 396 18'

151 434 174 460 a
203 418 367 460 Iunone
397 422 571 475 rogatus

114 497 130 524 5
418 501 596 529 cauom
629 502 885 530 conuersa
917 490 1129 543 cuspide
1160 492 1384 531 montem

259 555 471 609 impulit
501 555 553 596 in
583 555 745 610 latus,
779 559 827 597 et
857 557 1003 598 uenti
1034 557 1181 598 uelut
1213 557 1421 612 agmine
1451 557 1595 599 facto

263 655 622 664 ...........
646 626 826 665 ruunt:

148 692 337 744 apparet,
371 692 531 744 quanta
562 691 617 731 sit
647 688 791 732 futura
822 694 1065 746 tempestas.
1126 691 1255 747 quid?
1294 706 1388 733 cum
1418 707 1484 734 res
1516 692 1725 734 atrocissi-
1742 692 1794 733 19

145 771 235 798 mas
266 772 448 812 quasque
479 758 524 798 in
555 773 761 799 summam
790 760 872 814 ipsi
894 760 1119 801 extulimus
1145 759 1361 813 inuidiam,
1385 760 1596 801 eleuamus
1630 775 1725 802 con-

96 835 127 860 10
146 824 269 879 sulto,
302 839 383 880 quo
414 826 610 880 grauiora
642 826 866 868 uideantur
896 842 999 882 quae
1031 829 1225 868 secutura
1256 830 1369 881 sunt,
1402 830 1449 869 ut
1480 843 1503 869 a
1525 828 1725 870 Cicerone

145 892 305 933 factum
345 895 428 947 est,
469 908 563 934 cum
599 894 673 935 illa
711 894 888 936 diceret:
928 895 1070 936 leuia
1102 897 1227 936 sunt
1257 894 1383 937 haec
1414 896 1466 936 in
1497 897 1590 937 1100
1621 911 1721 938 reo.

146 962 333 1001 metum
383 961 651 1016 uirgarum
703 977 861 1003 nauai
879 963 1001 1004 chus
1051 963 1419 1005 nobilissimae
1473 964 1724 1006 ciuitatis

145 1028 318 1081 pretio
346 1029 587 1070 redemit:
618 1029 892 1071 humanum
916 1033 1012 1072 est:
1046 1031 1204 1085 alius,
1241 1046 1304 1072 110
1337 1032 1507 1073 securi
1535 1032 1723 1074 ferire-

144 1097 248 1150 tur,
271 1096 551 1150 pecuniam
573 1097 739 1139 dedit:
772 1099 1024 1140 usitatum
1055 1101 1146 1140 est.
1188 1113 1330 1140 nonne
1353 1113 1450 1140 usus
1473 1101 1536 1141 est
1557 1098 1792 1141 ratioci-QO

96 1173 128 1200 15
146 1164 333 1218 natione,
367 1179 449 1219 qua
482 1164 730 1220 colligerent
752 1166 986 1219 audientes,
1020 1169 1226 1221 quantum
1248 1166 1350 1207 illud
1373 1170 1496 1221 esset,
1530 1168 1639 1222 quod
1662 1169 1724 1209 in-

143 1231 371 1285 ferebatur,
406 1232 471 1273 0111
503 1235 747 1287 comparata
778 1233 882 1274 liaeo
912 1234 1158 1275 uiderentur
1178 1234 1365 1275 humana
1387 1237 1512 1289 atque
1535 1235 1723 1277 usitata?

143 1299 201 1340 sic
233 1313 395 1354 quoque
426 1300 532 1341 solet
569 1314 619 1341 ex
659 1300 740 1342 alio
780 1301 893 1342 aliud
925 1303 1091 1357 augeri,
1134 1317 1228 1343 cum
1266 1301 1523 1344 Hannibalis
1561 1304 1724 1345 bellicis

142 1366 335 1408 laudibus
375 1367 603 1422 ampliatur
643 1369 776 1410 uirtus
816 1369 1046 1424 Scipionis,
1094 1372 1135 1411 et
1172 1370 1466 1412 fortitudinem
1506 1370 1723 1413 Gallorum

144 1433 533 1490 Germanorumque
565 1436 779 1491 miramur,
811 1451 892 1492 quo
913 1438 967 1478 sit
986 1437 1120 1478 maior
1142 1437 1186 1479 O.
1213 1438 1402 1479 Caesaris
1433 1439 1582 1493 gloria.
1618 1440 1722 1481 illud
1735 1436 1787 1477 21

91 1512 124 1538 20
143 1516 306 1556 quoque
346 1505 409 1543 est
447 1519 495 1544 ex
534 1504 738 1545 relatione
777 1505 828 1545 ad
867 1505 1043 1560 aliquid,
1085 1506 1194 1560 quod
1231 1520 1318 1546 non
1357 1506 1445 1547 eius
1484 1508 1542 1548 rei
1582 1508 1721 1563 gratia

142 1569 300 1610 dictum
338 1571 524 1625 uidetur,
578 1572 922 1626 amplificatIOnis
960 1587 1109 1628 genus.
1170 1588 1256 1614 non
1301 1575 1454 1628 putant
1496 1575 1722 1630 indignum

141 1636 315 1678 Troiani
346 1638 579 1693 principes,
614 1639 764 1681 Graios
795 1640 1082 1695 Troianosque
1113 1643 1287 1696 propter
1318 1641 1506 1683 Helenae
1538 1643 1721 1697 speciem

141 1706 204 1745 tot
241 1705 353 1746 mala
391 1708 511 1748 tanto
550 1707 750 1762 temporis
789 1708 927 1762 spatio
965 1708 1193 1750 sustinere:
1232 1724 1441 1764 quaenam
1480 1711 1612 1765 igitur
1650 1711 1722 1752 illa

140 1772 276 1814 forma
307 1774 513 1815 credenda
545 1774 640 1816 est‘?
669 1789 757 1816 non
788 1776 899 1817 enim
930 1776 1010 1818 hoc
1041 1777 1143 1818 dicit
1173 1777 1314 1831 Paris,
1349 1779 1419 1833 qui
1450 1778 1602 1832 rapuit,
1634 1794 1721 1820 11011

91 1851 122 1879 25
142 1840 292 1895 aliquis
323 1841 485 1883 iuuenis
518 1844 591 1884 aut
620 1858 728 1884 unus
760 1858 781 1884 e
811 1844 962 1899 uulgo,
1003 1845 1074 1885 sed
1106 1859 1226 1886 senes
1259 1848 1299 1886 et
1328 1846 1647 1900 prudentissimi
1679 1850 1721 1887 et

141 1907 308 1949 Priamo
341 1909 593 1951 adsidentes.
656 1925 800 1952 uerum
832 1913 874 1952 et
903 1913 993 1966 ipse
1024 1927 1096 1953 rex
1128 1913 1305 1954 decenni
1337 1914 1445 1955 bello
1477 1910 1788 1968 exhaustus,22

142 1976 304 2016 amissis
326 1978 389 2017 tot
410 1977 567 2030 liberis,
590 1979 826 2020 inminente
849 1994 1011 2021 summo
1033 1980 1288 2035 discrimine,
1324 1982 1389 2023 0111
1411 1981 1564 2022 faciem
1586 1982 1717 2036 illam,

142 2058 191 2083 ex
222 2058 303 2097 qua
334 2046 398 2084 tot
427 2045 696 2086 lacrimarum
728 2047 846 2101 origo
878 2047 1078 2101 fluxisset,
1111 2049 1294 2089 inuisam
1318 2052 1443 2103 atque
1475 2049 1719 2090 abominan-

141 2110 236 2151 dam
267 2126 356 2152 esse
387 2113 623 2167 oportebat,
658 2116 698 2155 et
730 2114 847 2155 audit
877 2114 979 2156 haec
1012 2117 1053 2156 et
1079 2131 1170 2157 eam
1200 2117 1331 2157 filiam
1362 2117 1581 2171 appellans
1603 2118 1720 2158 iuxta

93 2188 124 2214 ³0
142 2191 185 2219 se
214 2178 327 2219 locat
358 2182 399 2220 et
430 2182 603 2222 excusat
634 2181 761 2222 etiam
793 2185 918 2236 atque
940 2182 1020 2223 sibi
1043 2197 1131 2224 esse
1153 2184 1357 2225 malorum
1381 2198 1551 2226 causam
1571 2187 1717 2240 negat.

178 2321 184 2327 '
229 2318 260 2351 5.
284 2316 373 2349 Aen.
400 2319 430 2358 1,
456 2319 509 2352 81.
605 2320 655 2350 11.
684 2319 781 2351 Verr.
810 2320 851 2360 V,
876 2321 931 2360 44,
960 2321 1034 2351 117.

230 2443 245 2472 1
274 2442 419 2473 minime
445 2442 611 2475 detretuo
637 2443 758 2474 mendi
783 2445 803 2474 b
830 2449 862 2475 el
878 2443 918 2474 A¹
946 2450 980 2476 ut
1005 2445 1137 2476 uidetur
1244 2447 1263 2476 3
1289 2449 1473 2487 praestant
1491 2446 1519 2476 A
1613 2450 1632 2478 5
1659 2458 1718 2478 ca-

142 2494 222 2516 num
246 2487 320 2526 AB,
345 2489 408 2519 sed
430 2488 459 2518 A
483 2498 506 2519 u
530 2490 674 2520 seeundo
701 2491 772 2520 loco
799 2499 843 2520 ex
867 2500 957 2521 corr.
1065 2491 1083 2521 6
1111 2493 1147 2521 et
1173 2491 1273 2522 uenti
1297 2491 1401 2521 ABn:
1434 2491 1555 2522 euenti
1579 2492 1649 2531 Bg,
1682 2495 1719 2523 et

141 2533 250 2562 uentu
267 2533 298 2569 b,
328 2542 370 2563 ae
390 2534 489 2564 uenti
514 2534 682 2575 Vergilius
753 2536 769 2565 7
797 2537 904 2565 ruunt
920 2535 999 2566 AB:
1028 2546 1098 2576 qua
1117 2535 1202 2566 data
1220 2539 1324 2577 porta
1342 2539 1450 2566 ruunt
1472 2535 1574 2577 Very.
1592 2542 1625 2568 et
1642 2538 1718 2570 edd.

229 2578 248 2608 8
274 2582 455 2618 apparent
478 2577 577 2619 A¹(:>)
673 2579 966 2611 atrocissummas
992 2580 1032 2610 ΑΙ
1060 2587 1093 2611 nt
1119 2582 1251 2612 uidetur
1358 2582 1377 2612 9
1403 2580 1589 2612 eleuamus
1613 2582 1654 2612 B:
1683 2587 1719 2614 ct

142 2622 320 2652 euasimus
346 2623 446 2653 AMb
564 2625 602 2654 12
628 2624 836 2655 nab-archus
861 2625 890 2655 A
1004 2625 1138 2657 nobilis
1163 2625 1411 2657 nobilissimae
1437 2626 1475 2665 B,
1500 2628 1563 2657 sed
1586 2626 1719 2658 nobilis

140 2665 172 2695 in
195 2665 248 2706 Bg
270 2672 382 2707 panse.
479 2669 518 2700 13
546 2669 699 2699 ferietur
723 2670 768 2706 M,
796 2669 944 2700 fieretur
968 2671 988 2700 b
1084 2673 1123 2701 14
1149 2671 1289 2701 ratione
1315 2671 1404 2709 libri,
1432 2681 1489 2701 em.
1516 2672 1639 2711 Hessius

143 2711 179 2741 17
206 2721 283 2742 cum
308 2711 429 2743 ABM:
459 2718 497 2743 ut
523 2723 601 2744 cum
628 2722 647 2747 ς
739 2714 921 2745 annibalis
946 2715 971 2745 Β
1083 2717 1122 2747 19
1149 2725 1217 2755 quo
1244 2716 1291 2746 sit
1315 2716 1343 2746 A
1369 2718 1400 2746 in
1425 2726 1494 2748 ras.
1595 2718 1637 2747 ‘20
1663 2727 1719 2747 re-

140 2753 276 2787 latione
302 2758 337 2787 id
361 2758 471 2788 estad
489 2758 517 2788 A
594 2759 645 2789 rei
672 2770 732 2790 οηι.
751 2760 786 2788 M
878 2760 918 2790 ⁴21
945 2760 1088 2791 uidetur
1105 2761 1227 2800 Reyz'zcs
1244 2765 1275 2791 el
1294 2770 1330 2791 a:
1358 2761 1541 2792 uideretur
1558 2760 1718 2802 A(⁴.²)BM

228 2802 269 2831 22
294 2801 441 2834 hilenae
466 2804 495 2833 A
587 2805 628 2834 25
655 2804 760 2844 uolgo
786 2805 815 2834 A
907 2804 969 2835 sed
995 2815 1100 2837 senes
1125 2805 1172 2835 Bu
1197 2816 1286 2838 corr.
1314 2816 1360 2837 em
1384 2805 1514 2837 scdncs
1607 2807 1648 2838 ‘26
1675 2817 1718 2838 ex

141 2843 285 2876 decenni
308 2846 394 2878 bello
420 2848 448 2878 A
562 2849 603 2879 ‘27
631 2848 797 2879 admissis
823 2847 920 2888 A¹(·.>)
1025 2851 1066 2881 ‘28
1093 2851 1143 2880 ori
1169 2851 1189 2881 b
1282 2852 1323 2882 ‘39
1348 2850 1442 2882 haec
1468 2851 1568 2881 audit
1593 2852 1628 2880 M

142 2892 177 2918 et
202 2899 245 2920 ex
271 2891 447 2923 familiam
472 2893 538 2928 Ab,
567 2903 644 2924 eam
672 2893 782 2924 liliam
809 2898 843 2924 ct
869 2898 953 2924 autc
979 2895 1013 2923 Μ
1106 2897 1148 2927 :30
1173 2899 1282 2936 atque.
1308 2895 1379 2926 sibi
1400 2896 1536 2935 Bauius:
1563 2896 1633 2928 sibi
1660 2900 1715 2928 at-

141 2942 207 2973 que
232 2934 309 2966 libri
