1939 3228
810 126 892 157 ΧΠ.
935 124 970 170 s,
996 124 1142 156 1—13.
1700 117 1783 159 339

185 227 360 269 uerbose
392 230 434 269 et
473 228 583 269 unde
620 228 769 269 uolent
807 229 989 284 repetito
1026 232 1217 285 tempore
1256 232 1491 285 exponant:
1542 245 1629 272 non
1670 231 1783 272 enim

183 297 273 337 tam
304 296 424 337 obest
455 295 599 337 audire
630 311 894 351 superuacua
926 313 1053 353 quam
1073 299 1274 354 ignorare
1294 299 1546 341 necessaria.
1584 299 1822 354 frequen-8

184 366 250 404 ter
280 365 421 405 autem
454 366 496 405 et
532 364 685 405 uulnus
724 367 767 406 et
805 366 1037 407 remedium
1074 367 1120 408 in
1157 367 1209 408 iis
1248 369 1391 409 orator
1420 368 1633 422 inueniet,
1675 382 1784 423 quae

183 431 393 486 litigatori
424 432 469 473 in
499 435 697 474 neutram
727 436 894 488 partem
925 435 1082 477 habere
1103 438 1368 477 momentum
1387 435 1656 477 uidebantur.
1702 450 1783 477 nec

150 513 165 537 5
184 501 308 541 tanta
338 500 394 541 sit
426 502 572 543 acturo
602 502 832 544 memoriae
862 503 1037 557 fiducia,
1068 506 1116 545 ut
1146 504 1412 546 subscribere
1444 505 1588 546 audita
1619 504 1780 560 pigeat.

299 568 390 610 Nec
436 569 565 610 semel
605 569 772 611 audisse
810 571 866 612 sit
905 571 1030 613 satis:
1079 572 1293 627 cogendus
1343 573 1489 614 eadem
1531 573 1686 614 iterum
1733 587 1782 614 ac

177 637 352 691 ‚saepius
384 637 522 679 dicere
553 638 765 693 litigator,
805 654 892 680 non
932 640 1067 681 solum
1106 640 1204 695 quia
1243 642 1428 696 effugere
1467 641 1607 696 aliqua
1644 641 1782 695 prima

184 705 448 760 expositione
480 708 724 762 potuerunt,
757 709 1011 762 praesertim
1042 708 1280 763 hominem,
1322 710 1433 764 quod
1465 724 1590 764 saepe
1623 710 1779 763 euenit,

182 773 441 829 imperitum,
476 774 548 816 sed
580 775 709 817 etiam
738 778 787 817 ut
817 776 1014 830 sciamus,
1048 792 1103 818 an
1136 777 1281 818 eadem
1304 777 1431 818 dicat.
1474 777 1645 832 plurimi
1669 778 1821 820 enim9

132 855 164 880 10
182 843 449 884 mentiuntur
480 846 541 896 et,
580 841 798 899 tamquam
829 859 916 886 non
947 845 1130 886 doceant
1162 860 1353 900 causam,
1395 845 1467 886 sed
1500 848 1655 901 agant,
1694 861 1781 888 11011

182 912 230 951 ut
261 925 355 951 cum
379 913 580 966 patrono,
615 912 687 954 sed
718 915 765 954 ut
796 928 891 954 cum
921 913 1058 955 iudice
1089 913 1331 968 loquuntur.
1375 916 1631 969 quapropter
1662 929 1782 956 num—

182 993 308 1033 quam
339 979 444 1021 satis
477 980 732 1022 credendum
764 983 841 1035 est,
875 981 947 1022 sed
979 982 1207 1036 agit-andus
1239 982 1435 1023 omnibus
1466 982 1600 1024 modis
1633 985 1675 1024 et
1695 985 1781 1024 tur-

181 1047 348 1089 bandus
388 1050 430 1089 et
468 1049 720 1090 euocandus.
788 1064 889 1090 nam
935 1051 982 1090 ut
1020 1050 1194 1091 medicis
1233 1065 1319 1091 11011
1368 1051 1621 1105 apparentia
1659 1051 1782 1093 inodo
1800 1050 1851 1091 10

181 1115 289 1157 uitia
328 1116 515 1157 curanda
555 1119 676 1171 sunt,
724 1117 797 1158 sed
835 1117 963 1158 etiam
1000 1118 1261 1161 inuenienda
1300 1133 1407 1173 quae
1446 1119 1606 1173 latent,
1657 1134 1781 1174 saepe

131 1196 163 1221 15
181 1184 286 1238 ipsis
318 1199 389 1238 ea,
432 1185 505 1239 qui
537 1185 719 1226 sanandi
760 1187 879 1240 sunt,
918 1186 1230 1241 occulentibus,
1272 1187 1333 1228 ita
1373 1187 1603 1228 aduocatus
1643 1187 1779 1242 plura,

181 1267 308 1307 quam
347 1252 650 1308 ostenduntur,
700 1254 895 1309 aspiciat.
963 1269 1064 1295 nam
1103 1269 1198 1296 cum
1237 1256 1340 1296 satis
1378 1256 1424 1296 in
1463 1255 1673 1296 audiendo
1711 1271 1782 1310 pa—

181 1321 360 1362 tientiae
390 1322 658 1376 inpenderit,
699 1322 743 1363 in
782 1322 910 1363 aliani
948 1337 1093 1363 rursus
1133 1323 1170 1363 ei
1208 1337 1434 1377 personam
1474 1323 1781 1365 transeundum

182 1391 246 1430 est
277 1389 551 1444 agendusque
584 1389 871 1444 aduersarius,
910 1391 1232 1445 proponendum
1270 1392 1472 1446 quidquid
1510 1392 1682 1433 omnino
1715 1407 1781 1433 ex-

183 1457 363 1512 cogitari
397 1460 545 1499 contra
577 1460 729 1513 potest,
762 1458 964 1513 quidquid
995 1460 1149 1514 recipit
1177 1459 1222 1500 in
1245 1459 1448 1500 eiusmodi
1470 1460 1781 1514 disceptatione

130 1537 163 1562 20
181 1527 351 1567 natura.
420 1526 751 1581 interrogandus
790 1541 918 1581 quam
955 1527 1233 1568 infestissime
1273 1542 1320 1569 ac
1350 1528 1627 1582 premendus:
1678 1544 1779 1569 nam
1798 1528 1845 1567 11

182 1593 282 1635 dum
313 1595 456 1635 omnia
487 1594 743 1650 quaerimus,
778 1594 1004 1650 aliquando
1037 1596 1089 1637 ad
1120 1610 1288 1649 uerum,
1322 1596 1395 1637 ubi
1425 1596 1601 1637 minime
1634 1611 1782 1651 expec-

182 1662 383 1716 tauimus,
416 1663 702 1717 peruenimus.

295 1729 347 1771 In
385 1745 549 1772 summa
588 1731 771 1785 optimus
818 1733 882 1772 est
927 1731 972 1772 in
1016 1732 1216 1773 discendo
1261 1734 1468 1786 patronus
1513 1732 1780 1775 incredulus:

180 1798 397 1852 promittit
434 1799 548 1840 enim
586 1799 781 1853 litigator
819 1800 982 1853 omnia,
1029 1802 1183 1841 testem
1224 1800 1448 1855 populum,
1488 1801 1780 1855 paratissimas

129 1878 162 1903 ‘25
182 1866 551 1921 consignationes,
593 1867 731 1921 ipsum
762 1867 942 1922 denique
975 1867 1263 1909 aduersarium
1295 1869 1503 1923 quaedam
1533 1884 1619 1910 11011
1650 1883 1777 1924 nega-

181 1935 336 1975 turum.
398 1935 574 1989 ideoque
606 1950 710 1990 opus
743 1938 808 1976 est
838 1935 996 1977 intueri
1027 1950 1152 1977 omne
1174 1936 1262 1977 litis
1284 1937 1637 1979 instrumentum:
1671 1938 1779 1992 quod
1798 1937 1848 1977 12

181 2002 324 2043 uidere
355 2017 441 2044 non
474 2005 539 2044 est
569 2004 685 2057 satis,
719 2003 1025 2058 perlegendum
1057 2003 1150 2044 erit.
1212 2019 1313 2045 nam
1343 2004 1686 2060 frequentissime
1709 2008 1782 2047 aut

180 2084 267 2111 non
299 2073 399 2112 sunt
429 2070 603 2111 0111111110
635 2085 743 2125 quae
774 2071 1148 2125 promittebantur,
1184 2075 1257 2112 aut
1287 2074 1427 2114 minus
1461 2074 1685 2115 continent
1707 2076 1796 2119 aut„

182 2151 277 2178 cum
309 2137 391 2179 alio
423 2139 565 2193 aliquo
595 2140 789 2180 nocituro
820 2139 1031 2194 permixta
1062 2143 1163 2181 sunt
1194 2143 1267 2181 aut
1298 2140 1431 2181 nimia
1462 2144 1563 2182 sunt
1593 2143 1635 2183 et
1654 2142 1781 2182 fidem

131 2219 163 2243 30
181 2205 261 2247 hoc
292 2207 384 2260 ipso
416 2206 680 2261 detractura,
719 2206 830 2261 quod
867 2221 954 2248 11011
992 2207 1155 2248 habent
1184 2208 1369 2249 niodum.
1432 2209 1612 2264 denique
1643 2209 1846 2251 11111111113

180 2276 354 2329 ruptum
393 2277 465 2315 aut
494 2275 711 2316 turbatam
744 2289 882 2316 ceram
915 2277 987 2316 aut
1018 2275 1109 2316 sine
1149 2276 1345 2330 agnitore
1377 2280 1502 2332 signa
1533 2277 1779 2331 frequenter

274 2380 290 2409 1
318 2378 445 2410 uolent
468 2378 528 2410 B¹:
555 2379 657 2411 uolet
681 2380 706 2410 B
732 2390 824 2411 corr.
851 2383 882 2410 et
901 2379 947 2419 Μ,
974 2379 1104 2410 uolunt
1128 2381 1148 2410 b
1243 2381 1399 2422 repetito
1426 2383 1589 2422 tempore
1608 2381 1696 2412 BM:
1722 2392 1779 2412 re-

181 2424 298 2466 petito
332 2434 375 2456 ex
406 2427 569 2466 tempore
602 2425 640 2465 b,
673 2425 835 2466 repetita
869 2434 912 2455 ex
944 2427 1106 2466 tempore
1133 2426 1185 2457 ed.
1212 2426 1305 2458 dens.
1339 2430 1370 2457 et
1396 2434 1416 2460 ς
1448 2428 1580 2467 inepte;
1612 2428 1779 2459 sententia

182 2474 253 2502 est:
280 2469 324 2500 ab
353 2479 395 2500 eo
420 2469 504 2501 inde
531 2473 692 2511 tempore
717 2470 812 2501 unde
838 2469 964 2501 uolent
989 2473 1198 2510 repetentes
1226 2474 1412 2512 exponant
1507 2475 1666 2513 exponat
1691 2473 1726 2502 M

181 2517 201 2547 3
227 2515 393 2546 inueniet
420 2517 456 2546 et
482 2515 502 2546 b
572 2517 593 2546 4
619 2515 799 2556 litigatori
823 2515 1006 2546 ineutram
1024 2515 1062 2553 B,
1088 2515 1256 2557 litigator
1283 2518 1319 2547 in
1346 2519 1512 2548 neutram
1538 2518 1558 2547 b
1630 2520 1649 2548 ἶ)
1668 2518 1740 2548 sint
1757 2518 1777 2548 b

272 2563 402 2591 actura
427 2561 480 2599 Bg
505 2562 581 2592 1772.
698 2559 834 2592 fiducia
859 2560 944 2591 BM:
972 2560 1091 2592 diffici
1115 2562 1134 2592 b
1252 2562 1271 2592 6
1300 2572 1342 2593 ac
1370 2562 1517 2603 saepius
1542 2572 1603 2593 om.
1630 2563 1665 2592 M

181 2606 201 2637 8
227 2605 408 2637 hominem
432 2615 659 2647 prosequens
686 2605 780 2646 quod
804 2606 824 2636 b
941 2608 960 2637 9
986 2605 1178 2647 plurimum
1203 2607 1239 2636 Μ
1356 2608 1396 2638 10
1422 2610 1632 2638 metuuntur
1656 2608 1677 2637 b

182 2654 340 2682 noceant
364 2652 385 2682 b
503 2652 542 2682 11
569 2651 767 2692 loquuntur
792 2652 828 2681 b:
856 2650 1052 2692 loquantur
1076 2652 1144 2682 ΒΜ
1268 2653 1308 2683 15
1335 2662 1427 2693 quae
1453 2653 1619 2684 sananda
1644 2653 1665 2683 b

182 2697 223 2727 16
249 2706 321 2737 qua
346 2697 368 2726 b
462 2696 624 2738 accipiat
647 2697 682 2726 M
777 2697 817 2727 17
843 2696 1053 2738 inpenderit
1077 2698 1156 2728 Mb:
1184 2697 1420 2738 inpenderint
1444 2698 1470 2728 B
1565 2698 1599 2728 oi
1624 2708 1686 2729 om.
1712 2699 1732 2729 b

181 2741 441 2773 transeundem
468 2742 488 2772 b
598 2743 638 2774 18
666 2741 834 2783 quiequid
860 2741 1004 2773 omnino
1029 2743 1050 2773 b
1168 2743 1208 2774 19
1236 2742 1321 2783 quid
1348 2742 1441 2784 quod
1466 2744 1486 2773 b
1582 2743 1714 2784 recipit
1738 2744 1777 2773 b:

182 2787 298 2829 recipi
323 2787 392 2818 BM
507 2786 716 2819 huiusmodi
740 2788 775 2816 M
875 2787 1126 2829 disputatione
1151 2788 1171 2818 b
1288 2789 1331 2819 ΞΟ
1356 2791 1507 2820 naturae
1533 2789 1585 2828 Bg
1611 2791 1629 2819 1
1646 2799 1686 2819 m.

182 2842 266 2863 nam
287 2832 367 2864 dum
394 2833 478 2863 Mb:
506 2832 662 2864 nondum
689 2832 714 2862 B
808 2833 849 2863 21
879 2832 923 2864 ad
948 2833 1099 2864 uerbum
1124 2834 1144 2863 b
1238 2834 1280 2863 22
1306 2833 1539 2874 pei-uenimus
1565 2844 1626 2866 om.
1654 2834 1689 2864 M

182 2878 225 2908 24
250 2878 440 2919 promittet
463 2879 483 2909 b
578 2880 620 2910 30
645 2877 713 2909 hoe
739 2888 799 2909 om.
827 2879 862 2907 M
970 2879 1010 2910 31
1038 2881 1181 2919 ruptum
1206 2878 1295 2908 BM:
1322 2881 1396 2909 tum
1421 2889 1512 2920 rupa
1538 2879 1558 2909 b
1651 2879 1778 2910 turba-

182 2924 257 2954 tam
284 2933 405 2954 ceram
431 2923 636 2955 Salnmsz‘us:
662 2922 811 2955 turbata
838 2925 962 2955 cetera
988 2923 1024 2961 B,
1051 2922 1200 2955 turbata
1228 2933 1312 2955 cera
1336 2924 1383 2965 M,
1410 2925 1562 2956 turbata
1588 2934 1672 2956 cere
1697 2925 1717 2955 b

185 2968 354 3009 agnitore
380 2968 467 3000 BM:
495 2969 669 3002 adsiitore
695 2969 715 2999 b

1436 3028 1478 3058 22
