1939 3228
793 95 855 126 v1.
902 92 935 138 3,
967 91 1140 124 55—64.
1687 83 1770 126 321

18 207 80 249 va„
111 253 113 256 Ι
164 195 312 239 timide
333 196 589 252 porrigenti,
623 195 757 239 ‘noli’
778 196 934 252 inquit,
967 199 1208 252 ‘tamquam
1240 212 1376 240 assem
1407 197 1636 253 elephanto
1658 197 1769 239 des'.

165 267 266 308 sunt
296 264 504 320 quaedam
535 264 630 306 uitii
662 264 840 307 similia:
871 266 984 308 unde
1005 265 1208 308 Vatinius
1231 266 1338 308 dixit
1358 266 1437 308 hoc
1468 266 1642 321 dictum,
1676 266 1841 308 01111160

101 335 104 337 ’
164 347 260 375 reus
291 335 448 389 agente
479 333 526 375 in
557 348 653 375 eum
685 333 816 376 Caluo
854 334 1042 376 frontem
1075 335 1255 376 candido
1286 335 1456 377 sudario
1487 336 1677 390 tergeret
1707 335 1768 377 id-

165 416 245 457 que
276 402 416 457 ipsum
447 404 671 444 accusator
700 403 746 453 in
777 402 985 444 inuidiam
1017 404 1204 457 uocaret,
1268 403 1487 458 equamuis
1525 417 1620 444 reus
1652 409 1768 446 sum’

131 469 305 525 5inquit
343 471 456 522 †‘et
493 472 716 526 parentem
757 471 985 513 candidum
1024 471 1133 513 edo.’
1196 471 1335 513 adhuc
1373 473 1438 513 est
1468 471 1666 513 subtilior
1695 471 1770 513 illa
1784 472 1836 513 61

165 553 215 580 ex
246 538 375 580 simili
406 538 654 594 translatio,
694 554 810 594 cum,
854 540 962 595 quod
997 539 1042 581 in
1074 539 1157 581 alia
1188 553 1233 581 re
1264 539 1356 581 fieri
1388 539 1517 594 solet,
1558 540 1603 581 in
1642 541 1770 582 aliam

163 608 419 648 mutuamur.
481 621 530 649 ea
561 607 729 650 dicatur
755 623 862 661 ‘sane
884 608 1014 663 fictio,
1047 610 1095 650 ut
1117 608 1395 663 Chrysippus,
1431 622 1526 650 cum
1547 608 1591 650 in
1621 609 1769 651 trium-

163 675 248 730 pho
281 674 474 718 Caesaris
507 676 660 718 eborea
691 676 847 732 oppida
879 679 1022 718 essent
1051 676 1264 717 translata
1296 678 1339 717 et
1368 678 1466 731 post
1497 676 1584 718 dies
1615 692 1772 732 paucos

165 743 271 785 Fabi
302 743 480 785 Maximi
511 744 672 800 lignea,
706 745 876 787 ‘thecas
909 760 999 787 esse
1031 744 1282 800 oppidorum
1315 744 1532 787 Caesaris’
1565 745 1686 787 dixit.
1730 748 1773 787 et

115 815 146 841 10
164 811 278 854 Pedo
309 812 359 854 de
390 813 680 868 myrmillone,
721 814 793 868 qui
832 814 1054 855 retiarium
1095 813 1433 868 consequebatur
1463 827 1542 854 nec
1573 813 1770 869 feriebat,

165 880 358 922 ‘uiuum'
392 881 532 936 inquit
564 884 738 937 ‘capere
778 882 909 924 uult’.
971 882 1166 937 iungitur
1205 881 1490 936 amphiboliae
1522 882 1840 938 similitudo,62

163 950 211 991 ut
232 964 256 990 a
278 949 324 990 L.
350 948 501 1004 Galba,
536 951 607 1005 qui
639 950 771 1006 pilam
794 951 1078 1006 neglegenter
1099 950 1278 1006 petenti,
1313 950 1419 992 ‘sic'
1452 950 1591 1005 inquit
1621 951 1767 1006 ε110118,

162 1018 381 1072 tamquam
413 1018 606 1060 Caesaris
639 1019 931 1061 candidatus’.
993 1035 1093 1061 nam
1124 1019 1228 1060 illud
1267 1019 1377 1074 petis
1409 1018 1657 1074 ambiguum
1689 1022 1767 1075 est,

167 1086 373 1128 securitas
412 1086 575 1128 similis.
636 1088 745 1143 quod
786 1087 994 1130 hactenus
1026 1088 1261 1129 ostendisse
1301 1088 1405 1129 satis
1438 1089 1514 1129 est.
1579 1091 1766 1130 ceterum
1783 1087 1837 1129 63

3 1155 5 1159 ’
50 1176 54 1177 ’
113 1157 144 1183 15
162 1154 510 1210 frequentissima
549 1156 727 1198 aliorum
770 1170 977 1212 generum
1018 1171 1112 1197 eum
1154 1156 1249 1197 aliis
1290 1156 1477 1197 mixtura
1509 1158 1592 1210 est,
1636 1171 1768 1212 caque

161 1223 344 1279 optima,
376 1238 483 1278 quae
515 1240 563 1266 ex
595 1224 788 1280 pluribus
822 1227 1003 1267 constat.
1065 1225 1210 1266 eadem
1247 1224 1515 1266 dissimilium
1548 1225 1658 1266 ratio
1690 1228 1766 1267 est.

161 1290 264 1333 hinc
304 1306 430 1346 eques
470 1292 709 1347 Romanus,
758 1293 810 1334 ad
849 1308 974 1348 quem
1021 1294 1065 1335 111
1112 1293 1367 1348 spectaculis
1414 1293 1632 1334 bibentem
1673 1308 1768 1335 cum

161 1359 346 1401 misisset
377 1360 613 1416 Augustus,
646 1362 718 1416 qui
751 1362 787 1403 ei
819 1362 979 1403 diceret
1012 1365 1114 1417 ‘ego
1147 1362 1181 1403 si
1212 1361 1423 1416 prandere
1454 1361 1563 1416 uolo,
1598 1361 1767 1403 domum

162 1433 256 1470 eo':
298 1430 367 1470 ‘tu
398 1429 536 1471 enim'
575 1430 717 1485 inquit
757 1435 867 1472 ‘non
907 1430 1031 1472 times
1070 1444 1124 1471 ne
1164 1430 1303 1472 locum
1334 1429 1524 1485 perdas’.
1587 1445 1636 1471 ex
1669 1430 1836 1472 con-64

111 1500 143 1526 2⁰
162 1496 295 1538 trario
325 1511 413 1539 non
445 1513 531 1539 una
562 1498 738 1553 species.
790 1513 926 1553 neque
959 1499 1072 1540 enim
1104 1499 1249 1540 eodem
1272 1499 1395 1540 modo
1416 1499 1523 1540 dixit
1545 1499 1766 1554 Augustus

159 1565 398 1621 praefecto,
439 1580 564 1621 quem
596 1581 690 1608 cum
721 1567 961 1622 ignominia
991 1567 1211 1622 mittebat,
1253 1567 1433 1608 subinde
1471 1567 1765 1622 interponenti

160 1634 358 1688 precibus
391 1639 402 1657 ‘
416 1634 515 1689 quid
539 1635 804 1691 respondebo
826 1636 940 1691 patri
962 1650 1055 1677 meo
1069 1635 1111 1676 5²⁹
1155 1635 1245 1677 ‘die
1267 1650 1334 1677 me
1356 1635 1435 1677 tibi
1458 1635 1724 1690 displicuisse
1738 1640 1763 1690 ’,

160 1716 241 1756 quo
283 1702 421 1744 Galba
451 1703 678 1758 paenulam
726 1705 917 1759 roganti:
967 1708 1076 1745 enon
1107 1718 1279 1759 possum
1321 1704 1608 1758 commodare,
1653 1704 1766 1746 domi

160 1776 347 1826 maneo',
389 1786 481 1813 eum
524 1772 775 1814 cenaculum
815 1773 903 1814 eius
941 1773 1197 1827 perplueret.
1259 1772 1434 1813 tertium
1473 1771 1611 1813 adhuc
1646 1771 1764 1827 illud,

110 1841 142 1867 25
161 1838 194 1879 si
226 1839 416 1894 quidem,
458 1844 504 1881 ut
535 1856 588 1882 ne
621 1843 837 1882 auctorem
868 1855 1048 1895 ponam,
1082 1840 1340 1883 uerecundia
1370 1841 1502 1895 ipsius
1534 1841 1661 1881 facit:
1695 1840 1764 1881 ‘li—

95 1941 120 1948 ,.
159 1906 392 1949 bidinosior
423 1922 466 1949 es
498 1924 624 1964 quam
656 1909 766 1950 ullus
798 1909 969 1964 spado',
1003 1924 1085 1964 quo
1117 1910 1208 1951 sine
1240 1909 1368 1950 dubio
1407 1911 1449 1950 et
1480 1909 1625 1964 opinio
1657 1908 1764 1950 deci-
1801 1919 1829 1936 *κ

159 1975 296 2030 pitur,
338 1976 410 2018 sed
449 1991 498 2018 ex
539 1978 767 2019 contrario.
830 1980 871 2019 et
910 1977 990 2019 hoc
1022 1992 1072 2019 ex
1112 1978 1258 2019 eodem
1297 1976 1389 2018 loc-o
1422 1979 1508 2031 est,
1554 1977 1626 2018 sed
1657 1977 1762 2018 nulli

159 2043 347 2098 priorum
392 2044 550 2099 simile,
603 2046 714 2100 quod
759 2046 867 2088 dixit
911 2045 969 2087 M.
1011 2045 1237 2099 Vestinus,
1291 2060 1386 2087 cum
1432 2046 1469 2087 ei
1514 2046 1762 2087 nuntiatum

252 2174 267 2203 1
295 2175 481 2215 tamquam
505 2173 600 2206 libri:
627 2174 757 2205 timere
785 2171 853 2213 (uel
878 2173 1065 2213 dubitare)
1098 2176 1283 2214 tamquam
1311 2174 1396 2206 coni.
1429 2174 1579 2205 editores
1605 2172 1762 2212 fraslrcu

159 2227 233 2249 nam
258 2222 308 2250 est
332 2221 519 2251 sententia:
546 2218 623 2251 noli
647 2219 700 2250 ita
726 2220 927 2261 porrigere,
955 2223 1143 2260 tamquam
1169 2223 1232 2253 ele,
1335 2229 1454 2250 assem
1483 2218 1682 2260 elephanto
1708 2220 1760 2249 M:

160 2265 195 2295 et
220 2263 333 2295 semel
359 2269 473 2306 panto
499 2262 653 2307 (pantho
680 2264 713 2304 S)
739 2265 834 2295 AGS
950 2266 969 2296 ‘2
996 2268 1081 2296 sunt
1105 2265 1191 2305 Ahz'n
1209 2275 1279 2296 ras.
1397 2264 1479 2295 uitii
1505 2262 1600 2306 (uiti)
1628 2264 1762 2296 similia

160 2318 239 2340 nos:
264 2309 335 2341 uisi
361 2310 498 2342 similia
522 2310 562 2348 A,
589 2309 765 2341 uisimilia
794 2309 861 2351 (uel
886 2308 1080 2352 insimilia)
1107 2307 1181 2342 rell.
1209 2309 1430 2342 uerisimssia
1456 2311 1532 2341 edd.
1557 2311 1670 2351 ineple

159 2354 179 2385 3
205 2360 334 2396 agente
360 2355 389 2386 A
505 2356 525 2386 4
552 2359 746 2387 accusator
772 2356 799 2386 G
822 2366 850 2387 s.
877 2357 897 2387 l.
924 2358 999 2387 m.2
1117 2358 1135 2388 ι’)
1164 2358 1199 2386 et
1224 2358 1415 2396 parentem
1441 2356 1538 2387 libri:
1566 2358 1602 2386 et
1627 2365 1759 2396 panem

159 2400 235 2432 edd.
261 2411 366 2443 aeque
392 2403 505 2442 inepte
601 2404 657 2433 est
681 2401 710 2432 A
736 2403 769 2433 in
794 2412 865 2435 ras.
960 2401 1023 2433 illa
1049 2402 1078 2432 A
1171 2402 1191 2432 6
1219 2412 1260 2433 ex
1285 2401 1314 2431 A
1340 2402 1372 2432 in
1397 2411 1468 2433 ras.
1496 2405 1527 2432 et
1553 2401 1697 2440 Reyizcs:
1725 2404 1761 2432 et

159 2445 198 2485 G,
225 2455 243 2477 e
271 2447 302 2487 S,
331 2450 387 2478 est
412 2448 447 2476 M
543 2447 615 2478 alia
641 2458 678 2478 re
699 2448 779 2487 fieri
802 2447 831 2477 A
949 2448 967 2479 7
995 2447 1212 2488 crhysippus
1239 2456 1319 2478 cum
1347 2447 1383 2477 in
1408 2446 1618 2487 trihumpho
1644 2446 1670 2476 G

159 2490 180 2522 8
205 2491 339 2523 eborea
363 2492 393 2522 A
418 2497 450 2524 et
475 2493 508 2524 in
533 2503 637 2534 marg.
663 2503 703 2525 m.
720 2494 740 2523 2
767 2493 814 2523 G:
840 2492 1004 2534 epolitea
1030 2493 1096 2532 Gs,
1125 2492 1287 2524 eburnea
1312 2493 1357 2531 M,
1384 2492 1433 2532 cf.
1449 2491 1532 2523 Cass
1561 2492 1626 2523 Dio
1642 2493 1699 2529 43,
1716 2493 1759 2522 42

249 2537 268 2568 9
293 2537 405 2569 Fabii
430 2546 450 2572 ς
546 2539 586 2570 10
612 2537 836 2578 myrmillone
861 2538 900 2577 A,
927 2537 1143 2569 mirmillone
1170 2538 1268 2568 GMS
1363 2538 1536 2568 retiarum
1562 2537 1687 2577 AGM,
1715 2536 1758 2567 ‹le

160 2581 309 2614 retiario
336 2583 399 2624 qui
424 2583 680 2615 mirmillonem
708 2584 882 2619 Leemans,
909 2584 1019 2615 Ιίευαε
1046 2584 1193 2615 ανοὴροῐ.
1213 2582 1280 2621 ΙΧ,
1300 2583 1342 2613 82
1440 2584 1477 2612 11
1504 2582 1649 2622 inquit*
1673 2583 1702 2612 A

159 2627 456 2670 amphibologiae
481 2629 586 2669 AGS,
614 2628 839 2670 amphilogie
865 2630 900 2658 M
1019 2630 1058 2660 12
1085 2640 1106 2660 a
1133 2628 1156 2660 l.
1184 2628 1295 2669 galba
1320 2628 1366 2660 A:
1395 2627 1532 2668 agalba
1558 2628 1656 2658 GMS

162 2672 203 2703 14
227 2675 378 2705 actenus
403 2674 469 2704 AG
588 2675 627 2706 1ss
655 2677 824 2706 constant
849 2674 1017 2706 Francius
1116 2674 1212 2705 ratio
1237 2674 1266 2703 A
1291 2674 1325 2704 in
1349 2683 1420 2705 ras.
1446 2674 1522 2703 item
1545 2674 1658 2704 statim
1683 2678 1760 2713 post

160 2725 329 2750 romanus
355 2719 401 2750 ad
496 2720 536 2751 17
565 2719 808 2751 commisisset
832 2718 874 2750 A¹
972 2720 1011 2751 18
1037 2719 1159 2751 dicere
1185 2717 1227 2748 A1
1323 2719 1361 2749 21
1392 2728 1471 2748 cum
1496 2716 1581 2759 A(‘.‘)
1608 2723 1640 2749 et
1665 2717 1758 2750 Bur-

159 2771 252 2793 man:
278 2774 339 2796 om.
366 2766 439 2796 rell.
467 2765 548 2804 noti,
574 2765 780 2806 ignominia
806 2765 960 2796 notabat
984 2765 1062 2796 edd.
1086 2766 1224 2806 priores
1315 2763 1573 2805 interponendi
1599 2762 1683 2794 G¹M

160 2807 202 2838 23
227 2809 397 2849 penulam
423 2810 560 2841 AGMS
676 2809 928 2842 commendare
955 2811 1053 2840 GMS
1183 2809 1266 2848 fort.
1292 2808 1387 2840 domi
1414 2809 1510 2840 enim
1536 2819 1666 2840 maneo

161 2852 204 2883 24
230 2855 472 2886 caenaculum
498 2857 524 2886 G
619 2856 696 2887 eius
720 2856 749 2886 A
774 2866 866 2888 corr.
894 2866 939 2887 ea:
965 2856 998 2887 ei
1115 2856 1157 2886 25
1185 2855 1215 2885 si
1242 2853 1386 2895 quidem
1414 2855 1451 2885 S:
1478 2854 1508 2885 si
1534 2854 1626 2896 quod
1652 2855 1758 2885 AGM

249 2899 292 2931 26
318 2901 435 2941 opimo
461 2899 500 2931 G¹
610 2901 653 2932 28
678 2901 857 2932 uestimus
884 2902 950 2941 GS,
978 2901 1162 2932 nescimus
1189 2900 1225 2929 Μ
1318 2900 1523 2931 nuntiatum
1551 2910 1629 2932 esse
1656 2898 1754 2941 A1M,

162 2944 365 2976 nuntiatum
391 2949 490 2977 esset
507 2956 547 2975 **
564 2949 736 2978 necatum
764 2957 842 2979 esse
867 2947 1039 2988 suppleuit
1062 2946 1229 2988 Spalding]

229 2999 406 3039 QUINTIL.
426 3002 480 3034 ed.
500 3003 626 3034 HALM.
666 3003 749 3038 Vol.
766 3003 795 3037 Ι.
1441 3005 1480 3034 21
