1939 3228
701 160 703 162 ,
743 132 784 160 v.
820 123 863 173 ’7,
895 129 1043 161 s-,-20.
1601 121 1682 161 223

106 245 205 271 nam
236 232 277 271 et
305 230 566 285 frequentior
603 245 744 273 eorum
782 233 1044 286 paenitentia
1084 235 1147 274 est
1184 234 1225 274 et
1262 233 1512 287 promissum
1542 247 1683 287 505110-
1700 234 1751 274 14

107 292 214 339 ctius
246 301 300 352 et,
334 299 368 339 si
398 301 722 353 perseuerarint,
754 301 970 353 reprensio
999 300 1176 341 facilior.

215 365 372 407 Eorum
404 380 517 419 uero,
551 366 734 420 quibus
765 367 1134 420 denuntiatur,
1167 383 1264 422 pars
1294 369 1467 409 testium
1495 370 1558 409 est
1578 383 1683 423 quae
1702 370 1750 411 15

104 447 221 473 reum
250 432 415 474 laedere
446 433 562 486 uelit,
596 448 693 487 pars
724 449 829 488 quae
860 434 979 487 nolit,
1012 435 1135 489 idque
1156 435 1327 476 interim
1348 436 1428 476 scit
1449 439 1679 489 accusator,

71 500 275 541 5interim
305 501 455 542 nescit.
516 500 727 555 fingamus
758 501 803 541 in
833 502 1072 555 praesentia
1103 503 1227 544 scire:
1259 503 1302 546 in
1334 506 1509 558 utroque
1539 506 1681 544 tamen

104 581 258 622 genere
298 568 470 609 summis
516 568 677 609 artibus
715 568 1019 624 interrogantis
1056 584 1160 624 opus
1198 572 1274 611 est.
1343 585 1441 611 nam
1483 571 1517 612 si
1554 570 1749 613 habetffi

104 637 256 676 testem
288 636 485 690 cupidum
515 636 722 690 laedendi,
757 651 906 678 cauere
936 637 1060 678 debet
1090 637 1168 679 1100
1198 638 1356 692 ipsum,
1389 652 1443 679 ne
1474 639 1681 692 cupiditas

105 703 192 743 eius
224 705 439 757 appareat,
472 718 550 744 nec
581 706 725 745 statim
757 705 806 745 de
837 719 897 758 eo,
931 705 1039 759 quod
1070 705 1113 746 in
1135 705 1332 746 iudicium
1354 706 1486 759 uenit,
1519 721 1681 761 rogare,

103 770 174 810 sed
206 771 345 825 aliquo
377 771 598 812 circumitu
629 771 680 812 ad
710 772 751 812 id
773 773 1008 826 peruenire,
1040 775 1085 813 ut
1105 773 1180 826 illi,
1214 773 1319 827 quod
1344 773 1523 814 maxime
1544 774 1681 815 dicere

53 851 84 875 10
102 837 256 891 uoluit,
297 838 490 879 uideatur
521 853 784 893 expressum:
824 854 901 881 1100
938 840 1116 881 1111111001
1153 841 1311 882 instare
1341 841 1678 896 interrogationi,

102 919 155 945 ne
187 909 242 945 acl
270 905 411 946 omnia
442 906 733 960 respondendo
763 908 883 948 testis
915 907 1039 948 fidem
1070 922 1187 949 suam
1207 909 1387 962 minuat,
1421 909 1492 949 sed
1522 909 1566 950 in
1587 912 1680 950 tan-

100 974 190 1012 tum
222 987 396 1013 euocare
428 987 542 1026 eum,
583 976 786 1028 quantuni
818 989 980 1016 sumere
1012 990 1060 1016 ex
1092 990 1174 1017 uno
1206 976 1308 1016 satis
1339 977 1406 1017 sit.
1469 979 1512 1016 at
1542 977 1586 1017 in
1617 992 1678 1030 eo,
1698 981 1746 1021 17

102 1039 170 1094 qui
201 1054 347 1080 uerum
377 1040 536 1081 inuitus
568 1041 754 1083 dicturus
787 1045 863 1096 est,
895 1043 1032 1096 prima
1062 1043 1245 1084 felicitas
1277 1044 1580 1098 interrogantis
1613 1060 1679 1086 ex—

101 1109 293 1161 torquere
325 1108 433 1162 quod
463 1108 498 1148 is
529 1109 723 1150 noluerit.
775 1109 854 1151 hoc
884 1124 971 1151 non
1002 1111 1084 1151 alio
1114 1111 1236 1152 modo
1266 1111 1356 1152 fieri
1386 1114 1525 1165 potest
1556 1127 1679 1166 quam

52 1189 82 1213 15
101 1174 267 1229 longius
297 1175 631 1230 interrogatione
669 1178 862 1231 repetita.
930 1178 1201 1232 respondebit
1238 1180 1349 1220 enim
1387 1194 1492 1233 quae
1529 1195 1679 1221 nocere

102 1256 250 1283 causae
280 1257 367 1283 non
399 1243 687 1299 arbitrabitur,
722 1260 770 1286 ex
802 1245 992 1299 pluribus
1023 1246 1186 1299 deinde,
1220 1261 1326 1300 quae
1349 1247 1563 1288 confessus
1585 1249 1677 1301 erit,

100 1324 147 1350 eo
177 1310 442 1364 perducetur,
475 1314 521 1352 ut
551 1313 660 1366 quod
691 1313 827 1354 dicere
858 1328 945 1354 non
975 1313 1066 1354 uult
1096 1328 1253 1368 negare
1283 1329 1369 1355 non
1391 1316 1536 1368 possit.
1581 1319 1745 1359 11011118

98 1379 146 1418 ut
175 1377 220 1418 in
251 1379 438 1419 oratione
470 1394 615 1433 sparsa
644 1380 887 1435 plerumque
919 1381 1153 1435 colligimus
1183 1385 1446 1437 argumenta,
1480 1398 1585 1437 quae
1605 1399 1680 1438 per

100 1459 144 1485 se
174 1444 282 1485 nihil
313 1460 429 1486 reum
461 1447 693 1501 adgrauare
725 1448 962 1502 uideantur,
996 1452 1326 1504 congregatione
1357 1451 1506 1491 deinde
1538 1465 1679 1492 eorum

49 1528 81 1553 20
98 1512 260 1553 factum
292 1514 597 1555 conuincinius:
637 1515 698 1555 ita
727 1515 850 1556 huius
888 1517 998 1557 niodi
1029 1518 1150 1558 testis
1180 1518 1312 1558 multa
1344 1518 1393 1558 de
1426 1521 1524 1559 ante
1556 1519 1676 1573 actis,

98 1580 231 1620 inulta
263 1581 312 1620 de
343 1582 556 1636 insecutiS,
596 1583 700 1636 loco,
740 1586 949 1638 tempore,
990 1599 1190 1639 persona,
1232 1586 1379 1627 ceteris
1411 1588 1473 1626 est
1502 1587 1678 1627 interro-

99 1648 277 1701 gandus,
310 1651 357 1689 ut
386 1650 431 1689 in
463 1649 630 1704 aliquod
661 1665 908 1705 responsum
928 1653 1103 1707 incidat,
1136 1656 1231 1707 post
1252 1653 1361 1708 quod
1382 1653 1443 1694 illi
1466 1653 1532 1694 uel
1553 1654 1676 1695 fateri

99 1729 204 1768 quae
234 1715 425 1757 uolumus
456 1732 626 1759 necesse
657 1719 724 1771 sit,
758 1719 824 1760 001
854 1720 925 1774 iis,
968 1735 1074 1774 quae
1106 1721 1189 1761 iam
1221 1721 1384 1774 dixerit,
1424 1736 1674 1776 repugnare.

96 1783 140 1823 id
169 1783 203 1823 si
233 1798 320 1825 non
351 1785 580 1840 contingit,
619 1786 792 1828 relicum
824 1788 922 1841 erit,
960 1791 1007 1828 ut
1045 1803 1137 1829 00111
1175 1789 1287 1829 nolle
1326 1789 1463 1831 dicere
1501 1790 1676 1831 inanife—
1697 1793 1744 1834 19

48 1866 79 1891 25
97 1852 207 1891 stum
238 1852 306 1905 sit,
338 1852 743 1908 protrahendusque,
776 1858 823 1896 ut
855 1855 898 1895 in
929 1856 1088 1910 aliquo,
1122 1857 1230 1910 quod
1264 1856 1327 1897 001
1360 1860 1476 1897 extra
1509 1871 1676 1898 causam

97 1918 164 1972 sit,
196 1918 554 1974 deprehendatur,
594 1923 800 1963 tenendus
833 1923 961 1964 etiam
992 1924 1170 1978 diutius,
1211 1926 1257 1964 ut
1288 1925 1428 1965 onmia
1461 1940 1509 1966 ac
1539 1926 1673 1979 plura,

96 2000 221 2040 quam
253 2001 318 2028 res
350 1987 578 2041 desiderat,
619 2004 694 2043 pro
732 2005 801 2031 reo
842 1990 1017 2032 dicendo
1055 1994 1272 2046 suspectus
1303 1992 1430 2033 iudici
1461 1993 1555 2033 fiat:
1595 2008 1675 2047 quo

96 2068 182 2094 non
212 2054 352 2095 minus
382 2056 565 2110 nocebit,
599 2072 723 2111 quam
755 2058 790 2099 si
820 2073 920 2099 uera
951 2059 996 2100 in
1026 2074 1143 2100 reum
1174 2060 1359 2101 dixisset.
1413 2063 1457 2101 at
1486 2061 1534 2113 si,
1568 2061 1744 2115 (100(120

98 2122 279 2162 secundo
309 2121 399 2163 loco
431 2123 630 2177 diximus,
668 2126 829 2166 nesciet
858 2129 995 2180 actor,
1037 2127 1135 2182 quid
1173 2128 1378 2182 propositi
1414 2129 1534 2168 testis
1566 2132 1674 2170 attu-

45 2204 78 2230 30
96 2187 204 2242 lerit,
235 2189 439 2243 paulatim
471 2193 525 2245 et,
558 2194 605 2232 ut
635 2192 800 2247 dicitur,
833 2194 1093 2247 pedetentim
1114 2195 1416 2249 interrogando
1438 2197 1674 2250 experietur

188 2362 202 2391 1
231 2362 447 2401 poenitentia
472 2362 501 2392 A
592 2365 794 2405 suspectius
818 2366 846 2396 A
938 2368 957 2397 ‘2
983 2367 1254 2408 perseuerarint
1278 2368 1315 2398 b:
1342 2374 1672 2409 perseuerauerunt

96 2403 133 2444 B,
160 2407 407 2446 perseuerarit
431 2407 459 2437 A
551 2409 786 2449 reprehensio
811 2411 869 2444 A&
963 2413 981 2442 6
1007 2412 1142 2444 habent
1159 2413 1187 2443 A
1280 2414 1298 2444 9
1325 2412 1401 2454 sed]
1428 2424 1465 2444 50
1484 2415 1512 2444 Α
1605 2415 1667 2445 ali·

97 2459 164 2490 quo
192 2450 379 2482 circumitu
405 2452 446 2482 B:
487 2453 577 2484 abeo
609 2453 669 2492 (eae
702 2454 811 2495 alio‘?)
844 2456 1025 2488 circumitu
1058 2459 1198 2499 quodam
1223 2458 1251 2488 A
1278 2458 1502 2497 (ituquodani
1535 2461 1567 2489 in
1599 2470 1667 2493 raS.

95 2496 230 2539 minoris
254 2497 380 2536 spatii),
408 2498 481 2528 ilem
506 2498 526 2527 b
551 2504 585 2529 ιιι
610 2500 742 2530 uidetur
851 2502 888 2531 11
916 2502 959 2532 ad
986 2504 1067 2533 dell.
1094 2505 1212 2543 pulici:
1237 2514 1299 2533 om.
1326 2502 1398 2539 AB,
1424 2505 1467 2543 ‘'f·
1496 2504 1607 2535 illeisc.
1636 2516 1667 2546 q.

97 2540 133 2577 Q.
153 2540 206 2576 ll,
226 2542 267 2571 12
362 2543 401 2572 12
420 2542 467 2572 At
491 2543 519 2572 A
544 2545 575 2574 in
600 2554 668 2577 rus.
697 2554 741 2574 an
767 2544 792 2575 B
887 2548 926 2577 14
951 2557 1020 2578 non
1047 2547 1119 2578 alio
1145 2547 1187 2578 B:
1213 2553 1292 2578 rato
1318 2549 1346 2578 A
1439 2554 1541 2589 potes
1566 2549 1606 2579 A¹

97 2584 136 2615 18
163 2595 289 2625 sparsa
307 2587 335 2616 A
361 2586 436 2624 (secl
459 2597 544 2628 spar
568 2600 607 2619 m.
625 2592 644 2619 2
670 2590 702 2619 in
720 2588 823 2629 7·a.v‚):
850 2601 957 2632 prosa
975 2592 1012 2631 B,
1039 2593 1096 2623 far
1114 2603 1220 2633 prosa
1238 2594 1310 2631 FT,
1339 2603 1469 2633 perosa
1494 2596 1536 2624 al.
1564 2594 1670 2634 plura

96 2631 146 2659 etl.
175 2630 284 2670 Camst.
313 2633 347 2662 iu
375 2643 423 2662 or.
452 2637 628 2674 perpetua
653 2636 738 2665 coni.
764 2635 906 2667 Meister
1000 2639 1039 2668 19
1066 2648 1243 2676 agrauarc
1269 2638 1307 2675 A,
1336 2648 1538 2679 aggrauare
1565 2648 1585 2668 a.

95 2674 137 2705 20
163 2675 411 2715 coniungimus
436 2678 492 2708 Ab
585 2680 756 2710 anleactis
782 2681 810 2710 A
902 2682 940 2712 ‘21
968 2683 1134 2713 insecutis
1160 2683 1188 2712 A
1215 2680 1307 2723 (inse
1333 2686 1364 2713 in
1382 2695 1451 2715 ras.
1477 2684 1615 2723 maim-e)

95 2717 200 2750 loco*
224 2721 252 2750 A
344 2724 385 2752 22
413 2726 494 2763 post
517 2724 565 2753 Bn
590 2734 680 2755 corr.
711 2727 780 2757 lm.
807 2736 851 2756 ca:
876 2727 990 2766 possit
1084 2727 1137 2757 illi
1161 2728 1234 2758 Ab:
1263 2738 1322 2758 om.
1351 2728 1376 2757 Β
1492 2730 1533 2760 ’23
1560 2729 1614 2760 his
1639 2730 1667 2760 A

94 2764 127 2793 in
151 2775 219 2797 ras.
322 2777 525 2808 repugnare
551 2770 580 2799 A
693 2770 735 2800 ⁵24
760 2771 912 2809 contigit
935 2770 964 2801 A
1078 2771 1226 2803 relicum
1251 2770 1330 2802 AB:
1358 2772 1530 2814 reliquum
1558 2782 1578 2807 ς

96 2808 138 2839 25
163 2810 252 2849 quod
278 2811 315 2841 b:
342 2823 400 2843 om.
428 2813 464 2852 B,
491 2814 583 2854 quod
610 2814 664 2844 ucl
691 2815 719 2844 A
743 2818 817 2845 m.2
843 2817 874 2846 z'n
892 2827 960 2847 ras.
1055 2827 1164 2847 causa
1192 2818 1238 2847 sit
1262 2816 1317 2857 A¹,
1345 2828 1475 2850 causas
1502 2820 1587 2857 (sine
1606 2820 1664 2860 sit)

96 2852 133 2891 Β,
160 2864 288 2886 causas
315 2857 362 2887 sit
386 2858 406 2888 b
498 2860 539 2890 27
565 2859 746 2890 desiderat
772 2860 801 2891 A
826 2871 913 2891 corr.
941 2861 1161 2893 desideum
1186 2862 1242 2902 A¹‚
1270 2873 1315 2893 eat
1339 2862 1576 2895 desiderarit?

96 2898 138 2928 28
164 2898 193 2929 si
218 2909 283 2940 quo
308 2900 349 2931 A¹
442 2904 484 2935 29
509 2908 634 2936 auctor
659 2905 718 2945 qui
744 2903 828 2945 (que
854 2904 887 2947 a)
906 2906 934 2936 A
1025 2908 1067 2938 30
1092 2906 1330 2948 pedcdemtim
1348 2909 1379 2948 b,
1403 2909 1478 2940 item
1495 2910 1524 2939 A
1541 2912 1573 2941 in
1598 2921 1665 2943 ras.

97 2942 305 2982 peditcutim
332 2946 357 2975 B
449 2948 742 2990 interrogandum
769 2949 808 2980 A¹

1773 1990 1790 1999 κ
