<?xml version="1.0" encoding="UTF-8"?>
<!DOCTYPE html PUBLIC "-//W3C//DTD XHTML 1.0 Transitional//EN"
    "http://www.w3.org/TR/xhtml1/DTD/xhtml1-transitional.dtd">
<html xmlns="http://www.w3.org/1999/xhtml" xml:lang="en" lang="en">
 <head>
  <title>
</title>
<meta http-equiv="Content-Type" content="text/html;charset=utf-8" />
  <meta name='ocr-system' content='tesseract 3.04.00' />
  <meta name='ocr-capabilities' content='ocr_page ocr_carea ocr_par ocr_line ocrx_word'/>
</head>
<body>
  <div class='ocr_page' id='page_1' title='image "./institutionisora00quinuoft_0344.png"; bbox 0 0 1939 3180; ppageno 0'>
   <div class='ocr_carea' id='block_1_1' title="bbox 113 85 1191 131">
    <p class='ocr_par' dir='ltr' id='par_1_1' title="bbox 113 85 1191 131">
     <span class='ocr_line' id='line_1_1' title="bbox 113 85 1191 131; baseline -0.014 -1"><span class='ocrx_word' id='word_1_1' title='bbox 113 88 196 131; x_wconf 81' lang='lat'>328</span> <span class='ocrx_word' id='word_1_2' title='bbox 639 87 932 129; x_wconf 77' lang='lat' dir='ltr'>QUINTILIANI</span> <span class='ocrx_word' id='word_1_3' title='bbox 963 86 1083 118; x_wconf 72' lang='lat' dir='ltr'>msr.</span> <span class='ocrx_word' id='word_1_4' title='bbox 1117 85 1191 116; x_wconf 70' lang='lat' dir='ltr'>on.</span> 
     </span>
    </p>
   </div>
   <div class='ocr_carea' id='block_1_2' title="bbox 30 187 1789 1897">
    <p class='ocr_par' dir='ltr' id='par_1_2' title="bbox 114 187 1723 380">
     <span class='ocr_line' id='line_1_2' title="bbox 114 187 1721 256; baseline -0.009 -13"><span class='ocrx_word' id='word_1_5' title='bbox 114 201 148 243; x_wconf 87' lang='lat' dir='ltr'>si</span> <span class='ocrx_word' id='word_1_6' title='bbox 186 214 269 256; x_wconf 87' lang='lat' dir='ltr'>qua</span> <span class='ocrx_word' id='word_1_7' title='bbox 310 198 441 240; x_wconf 85' lang='lat' dir='ltr'>etiam</span> <span class='ocrx_word' id='word_1_8' title='bbox 482 193 764 250; x_wconf 70' lang='lat' dir='ltr'>ambiguitate</span> <span class='ocrx_word' id='word_1_9' title='bbox 806 191 1022 253; x_wconf 79' lang='lat' dir='ltr'>conditur:</span> <span class='ocrx_word' id='word_1_10' title='bbox 1061 191 1109 231; x_wconf 90' lang='lat' dir='ltr'>ut</span> <span class='ocrx_word' id='word_1_11' title='bbox 1139 188 1288 232; x_wconf 78' lang='lat' dir='ltr'>Cicero</span> <span class='ocrx_word' id='word_1_12' title='bbox 1318 189 1363 230; x_wconf 89' lang='lat' dir='ltr'>in</span> <span class='ocrx_word' id='word_1_13' title='bbox 1395 188 1609 242; x_wconf 84' lang='lat' dir='ltr'>Lartium,</span> <span class='ocrx_word' id='word_1_14' title='bbox 1649 187 1721 228; x_wconf 92' lang='grc'><strong>110-</strong></span> 
     </span>
     <span class='ocr_line' id='line_1_3' title="bbox 114 252 1723 314; baseline -0.009 -3"><span class='ocrx_word' id='word_1_15' title='bbox 114 269 274 311; x_wconf 88' lang='lat' dir='ltr'>minem</span> <span class='ocrx_word' id='word_1_16' title='bbox 306 265 506 309; x_wconf 86' lang='lat' dir='ltr'>callidum</span> <span class='ocrx_word' id='word_1_17' title='bbox 537 265 580 305; x_wconf 90' lang='lat' dir='ltr'>et</span> <span class='ocrx_word' id='word_1_18' title='bbox 609 252 844 313; x_wconf 77' lang='lat' dir='ltr'>uersutuni,</span> <span class='ocrx_word' id='word_1_19' title='bbox 878 274 974 302; x_wconf 88' lang='lat' dir='ltr'>eum</span> <span class='ocrx_word' id='word_1_20' title='bbox 1003 258 1040 314; x_wconf 85' lang='lat' dir='ltr'>is</span> <span class='ocrx_word' id='word_1_21' title='bbox 1061 259 1116 300; x_wconf 84' lang='lat' dir='ltr'>-in</span> <span class='ocrx_word' id='word_1_22' title='bbox 1146 257 1330 314; x_wconf 85' lang='lat' dir='ltr'>quadam</span> <span class='ocrx_word' id='word_1_23' title='bbox 1353 272 1480 300; x_wconf 87' lang='lat' dir='ltr'>causa</span> <span class='ocrx_word' id='word_1_24' title='bbox 1501 258 1723 312; x_wconf 86' lang='lat' dir='ltr'>suspectus</span> 
     </span>
     <span class='ocr_line' id='line_1_4' title="bbox 116 338 248 380; baseline -0.015 0"><span class='ocrx_word' id='word_1_25' title='bbox 116 338 248 380; x_wconf 86' lang='lat' dir='ltr'>esset:</span> 
     </span>
    </p>

    <p class='ocr_par' dir='ltr' id='par_1_3' title="bbox 357 394 1482 455">
     <span class='ocr_line' id='line_1_5' title="bbox 357 394 1482 455; baseline -0.008 -11"><span class='ocrx_word' id='word_1_26' title='bbox 357 401 466 444; x_wconf 88' lang='lat' dir='ltr'>nisi</span> <span class='ocrx_word' id='word_1_27' title='bbox 498 401 538 442; x_wconf 89' lang='lat' dir='ltr'>si</span> <span class='ocrx_word' id='word_1_28' title='bbox 572 414 670 455; x_wconf 85' lang='lat' dir='ltr'>qua</span> <span class='ocrx_word' id='word_1_29' title='bbox 701 398 886 440; x_wconf 82' lang='lat' dir='ltr'>Ulixes</span> <span class='ocrx_word' id='word_1_30' title='bbox 917 394 1217 449; x_wconf 76' lang='lat' dir='ltr'>interuasit</span> <span class='ocrx_word' id='word_1_31' title='bbox 1247 394 1482 436; x_wconf 85' lang='lat' dir='ltr'>Lartius:</span> 
     </span>
    </p>

    <p class='ocr_par' dir='ltr' id='par_1_4' title="bbox 45 460 1761 665">
     <span class='ocr_line' id='line_1_6' title="bbox 45 460 1761 525; baseline -0.008 -8"><span class='ocrx_word' id='word_1_32' title='bbox 45 476 97 518; x_wconf 83' lang='lat'>97</span> <span class='ocrx_word' id='word_1_33' title='bbox 116 489 190 516; x_wconf 89' lang='lat' dir='ltr'>seu</span> <span class='ocrx_word' id='word_1_34' title='bbox 220 471 363 514; x_wconf 89' lang='lat' dir='ltr'>uerbis</span> <span class='ocrx_word' id='word_1_35' title='bbox 396 484 446 512; x_wconf 83' lang='lat' dir='ltr'>ex</span> <span class='ocrx_word' id='word_1_36' title='bbox 476 471 599 525; x_wconf 88' lang='lat' dir='ltr'>parte</span> <span class='ocrx_word' id='word_1_37' title='bbox 630 467 822 521; x_wconf 86' lang='lat' dir='ltr'>mutatis,</span> <span class='ocrx_word' id='word_1_38' title='bbox 855 468 904 507; x_wconf 91' lang='lat' dir='ltr'>ut</span> <span class='ocrx_word' id='word_1_39' title='bbox 933 465 979 507; x_wconf 88' lang='lat' dir='ltr'>in</span> <span class='ocrx_word' id='word_1_40' title='bbox 1011 479 1128 519; x_wconf 88' lang='lat' dir='ltr'>eum,</span> <span class='ocrx_word' id='word_1_41' title='bbox 1162 463 1246 518; x_wconf 89' lang='lat' dir='ltr'>qui,</span> <span class='ocrx_word' id='word_1_42' title='bbox 1279 478 1374 505; x_wconf 87' lang='lat' dir='ltr'>cum</span> <span class='ocrx_word' id='word_1_43' title='bbox 1407 464 1535 503; x_wconf 87' lang='lat' dir='ltr'>antea</span> <span class='ocrx_word' id='word_1_44' title='bbox 1565 460 1724 503; x_wconf 87' lang='lat' dir='ltr'>stultis·</span> <span class='ocrx_word' id='word_1_45' title='bbox 1745 479 1761 504; x_wconf 89' lang='lat'>5</span> 
     </span>
     <span class='ocr_line' id='line_1_7' title="bbox 118 531 1725 592; baseline -0.009 -8"><span class='ocrx_word' id='word_1_46' title='bbox 118 543 250 585; x_wconf 88' lang='lat' dir='ltr'>simus</span> <span class='ocrx_word' id='word_1_47' title='bbox 283 540 395 582; x_wconf 90' lang='lat' dir='ltr'>esset</span> <span class='ocrx_word' id='word_1_48' title='bbox 423 537 619 591; x_wconf 87' lang='lat' dir='ltr'>habitus,</span> <span class='ocrx_word' id='word_1_49' title='bbox 659 537 758 592; x_wconf 86' lang='lat' dir='ltr'>post</span> <span class='ocrx_word' id='word_1_50' title='bbox 789 535 1011 590; x_wconf 74' lang='lat' dir='ltr'>acceptam</span> <span class='ocrx_word' id='word_1_51' title='bbox 1041 531 1323 574; x_wconf 79' lang='lat' dir='ltr'>hereditatem</span> <span class='ocrx_word' id='word_1_52' title='bbox 1362 531 1525 586; x_wconf 85' lang='lat' dir='ltr'>primus</span> <span class='ocrx_word' id='word_1_53' title='bbox 1556 531 1725 572; x_wconf 88' lang='lat' dir='ltr'>senten-</span> 
     </span>
     <span class='ocr_line' id='line_1_8' title="bbox 118 608 510 665; baseline -0.015 -12"><span class='ocrx_word' id='word_1_54' title='bbox 118 611 224 653; x_wconf 90' lang='lat' dir='ltr'>tiam</span> <span class='ocrx_word' id='word_1_55' title='bbox 254 608 510 665; x_wconf 77' lang='lat' dir='ltr'>rogabatur:</span> 
     </span>
    </p>

    <p class='ocr_par' dir='ltr' id='par_1_5' title="bbox 118 667 1727 804">
     <span class='ocr_line' id='line_1_9' title="bbox 336 667 1509 728; baseline -0.009 -10"><span class='ocrx_word' id='word_1_56' title='bbox 336 674 617 718; x_wconf 83' lang='lat' dir='ltr'>hereditas</span> <span class='ocrx_word' id='word_1_57' title='bbox 649 676 746 728; x_wconf 90' lang='lat' dir='ltr'>est,</span> <span class='ocrx_word' id='word_1_58' title='bbox 779 687 929 728; x_wconf 91' lang='lat' dir='ltr'>quam</span> <span class='ocrx_word' id='word_1_59' title='bbox 960 671 1155 712; x_wconf 89' lang='lat' dir='ltr'>uocant</span> <span class='ocrx_word' id='word_1_60' title='bbox 1186 667 1509 723; x_wconf 86' lang='lat' dir='ltr'>sapientiam</span> 
     </span>
     <span class='ocr_line' id='line_1_10' title="bbox 118 735 1727 804; baseline -0.009 -15"><span class='ocrx_word' id='word_1_61' title='bbox 118 762 195 804; x_wconf 85' lang='lat' dir='ltr'>pro</span> <span class='ocrx_word' id='word_1_62' title='bbox 234 747 306 788; x_wconf 90' lang='lat' dir='ltr'>illo</span> <span class='ocrx_word' id='word_1_63' title='bbox 343 744 593 786; x_wconf 74' lang='lat' dir='ltr'>facilitas</span> <span class='ocrx_word' id='word_1_64' title='bbox 634 744 736 784; x_wconf 89' lang='lat' dir='ltr'>est:</span> <span class='ocrx_word' id='word_1_65' title='bbox 777 756 850 783; x_wconf 90' lang='lat' dir='ltr'>seu</span> <span class='ocrx_word' id='word_1_66' title='bbox 889 740 978 782; x_wconf 89' lang='lat' dir='ltr'>ficti</span> <span class='ocrx_word' id='word_1_67' title='bbox 1017 739 1131 781; x_wconf 89' lang='lat' dir='ltr'>notis</span> <span class='ocrx_word' id='word_1_68' title='bbox 1169 737 1363 779; x_wconf 86' lang='lat' dir='ltr'>uersibus</span> <span class='ocrx_word' id='word_1_69' title='bbox 1401 735 1583 791; x_wconf 88' lang='lat' dir='ltr'>similes,</span> <span class='ocrx_word' id='word_1_70' title='bbox 1621 749 1727 791; x_wconf 87' lang='lat' dir='ltr'>quae</span> 
     </span>
    </p>

    <p class='ocr_par' dir='ltr' id='par_1_6' title="bbox 49 804 1783 1282">
     <span class='ocr_line' id='line_1_11' title="bbox 49 804 1782 872; baseline -0.008 -12"><span class='ocrx_word' id='word_1_71' title='bbox 49 818 103 860; x_wconf 77' lang='lat'>98</span> <span class='ocrx_word' id='word_1_72' title='bbox 119 817 318 872; x_wconf 78' lang='grc' dir='ltr'>παρῳδία</span> <span class='ocrx_word' id='word_1_73' title='bbox 339 813 515 855; x_wconf 86' lang='lat' dir='ltr'>dicitur:</span> <span class='ocrx_word' id='word_1_74' title='bbox 549 814 592 853; x_wconf 91' lang='lat' dir='ltr'>et</span> <span class='ocrx_word' id='word_1_75' title='bbox 611 810 841 866; x_wconf 87' lang='lat' dir='ltr'>prouerbia</span> <span class='ocrx_word' id='word_1_76' title='bbox 863 810 1072 864; x_wconf 84' lang='lat' dir='ltr'>oportune</span> <span class='ocrx_word' id='word_1_77' title='bbox 1094 808 1256 862; x_wconf 84' lang='lat' dir='ltr'>aptata,</span> <span class='ocrx_word' id='word_1_78' title='bbox 1290 807 1338 847; x_wconf 90' lang='lat' dir='ltr'>ut</span> <span class='ocrx_word' id='word_1_79' title='bbox 1358 804 1523 846; x_wconf 87' lang='lat' dir='ltr'>homini</span> <span class='ocrx_word' id='word_1_80' title='bbox 1544 819 1728 859; x_wconf 79' lang='lat' dir='ltr'>nequam</span> <span class='ocrx_word' id='word_1_81' title='bbox 1749 822 1782 847; x_wconf 83' lang='lat'>10</span> 
     </span>
     <span class='ocr_line' id='line_1_12' title="bbox 121 873 1729 939; baseline -0.008 -13"><span class='ocrx_word' id='word_1_82' title='bbox 121 886 242 939; x_wconf 90' lang='lat' dir='ltr'>lapso</span> <span class='ocrx_word' id='word_1_83' title='bbox 274 885 316 924; x_wconf 91' lang='lat' dir='ltr'>et</span> <span class='ocrx_word' id='word_1_84' title='bbox 347 884 396 923; x_wconf 91' lang='lat' dir='ltr'>ut</span> <span class='ocrx_word' id='word_1_85' title='bbox 427 880 700 922; x_wconf 85' lang='lat' dir='ltr'>adleuaretur</span> <span class='ocrx_word' id='word_1_86' title='bbox 742 878 936 934; x_wconf 80' lang='lat' dir='ltr'>roganti,</span> <span class='ocrx_word' id='word_1_87' title='bbox 980 876 1127 918; x_wconf 72' lang='lat' dir='ltr'>‘tollat</span> <span class='ocrx_word' id='word_1_88' title='bbox 1157 877 1199 916; x_wconf 87' lang='lat' dir='ltr'>te</span> <span class='ocrx_word' id='word_1_89' title='bbox 1230 874 1302 929; x_wconf 86' lang='lat' dir='ltr'>qui</span> <span class='ocrx_word' id='word_1_90' title='bbox 1334 888 1421 915; x_wconf 89' lang='lat' dir='ltr'>non</span> <span class='ocrx_word' id='word_1_91' title='bbox 1458 873 1618 915; x_wconf 84' lang='lat' dir='ltr'>nouit&#39;.</span> <span class='ocrx_word' id='word_1_92' title='bbox 1679 887 1729 913; x_wconf 83' lang='lat' dir='ltr'>ex</span> 
     </span>
     <span class='ocr_line' id='line_1_13' title="bbox 122 940 1728 997; baseline -0.008 -3"><span class='ocrx_word' id='word_1_93' title='bbox 122 952 301 994; x_wconf 87' lang='lat' dir='ltr'>historia</span> <span class='ocrx_word' id='word_1_94' title='bbox 332 951 462 992; x_wconf 89' lang='lat' dir='ltr'>etiam</span> <span class='ocrx_word' id='word_1_95' title='bbox 494 950 647 991; x_wconf 89' lang='lat' dir='ltr'>ducere</span> <span class='ocrx_word' id='word_1_96' title='bbox 678 947 970 989; x_wconf 85' lang='lat' dir='ltr'>urbanitatem</span> <span class='ocrx_word' id='word_1_97' title='bbox 1002 944 1214 986; x_wconf 86' lang='lat' dir='ltr'>eruditum</span> <span class='ocrx_word' id='word_1_98' title='bbox 1245 945 1321 997; x_wconf 84' lang='lat' dir='ltr'>est,</span> <span class='ocrx_word' id='word_1_99' title='bbox 1354 944 1401 987; x_wconf 86' lang='lat' dir='ltr'>ut</span> <span class='ocrx_word' id='word_1_100' title='bbox 1433 941 1581 984; x_wconf 75' lang='lat' dir='ltr'>Cicero</span> <span class='ocrx_word' id='word_1_101' title='bbox 1611 940 1728 994; x_wconf 87' lang='lat' dir='ltr'>fecit,</span> 
     </span>
     <span class='ocr_line' id='line_1_14' title="bbox 123 1009 1730 1069; baseline -0.008 -7"><span class='ocrx_word' id='word_1_102' title='bbox 123 1036 219 1064; x_wconf 88' lang='lat' dir='ltr'>cum</span> <span class='ocrx_word' id='word_1_103' title='bbox 251 1020 288 1061; x_wconf 89' lang='lat' dir='ltr'>ei</span> <span class='ocrx_word' id='word_1_104' title='bbox 320 1021 473 1060; x_wconf 89' lang='lat' dir='ltr'>testem</span> <span class='ocrx_word' id='word_1_105' title='bbox 503 1017 549 1059; x_wconf 90' lang='lat' dir='ltr'>in</span> <span class='ocrx_word' id='word_1_106' title='bbox 573 1016 730 1058; x_wconf 85' lang='lat' dir='ltr'>iudicio</span> <span class='ocrx_word' id='word_1_107' title='bbox 750 1015 899 1058; x_wconf 89' lang='lat' dir='ltr'>Verris</span> <span class='ocrx_word' id='word_1_108' title='bbox 920 1013 1094 1069; x_wconf 80' lang='lat' dir='ltr'>roganti</span> <span class='ocrx_word' id='word_1_109' title='bbox 1124 1012 1301 1054; x_wconf 78' lang='lat' dir='ltr'>dixisset</span> <span class='ocrx_word' id='word_1_110' title='bbox 1332 1009 1587 1052; x_wconf 84' lang='lat' dir='ltr'>Hortensius</span> <span class='ocrx_word' id='word_1_111' title='bbox 1620 1012 1730 1050; x_wconf 75' lang='lat' dir='ltr'>&lt;non</span> 
     </span>
     <span class='ocr_line' id='line_1_15' title="bbox 121 1077 1731 1144; baseline -0.009 -13"><span class='ocrx_word' id='word_1_112' title='bbox 121 1089 329 1144; x_wconf 81' lang='lat' dir='ltr'>intellego</span> <span class='ocrx_word' id='word_1_113' title='bbox 360 1087 466 1128; x_wconf 86' lang='lat' dir='ltr'>haec</span> <span class='ocrx_word' id='word_1_114' title='bbox 488 1085 776 1141; x_wconf 80' lang='lat' dir='ltr'>aenigmata’,</span> <span class='ocrx_word' id='word_1_115' title='bbox 811 1083 951 1138; x_wconf 71' lang='lat' dir='ltr'>‘atqui</span> <span class='ocrx_word' id='word_1_116' title='bbox 981 1083 1145 1135; x_wconf 86' lang='lat' dir='ltr'>debes’,</span> <span class='ocrx_word' id='word_1_117' title='bbox 1179 1080 1320 1135; x_wconf 79' lang='lat' dir='ltr'>inquit</span> <span class='ocrx_word' id='word_1_118' title='bbox 1351 1083 1470 1121; x_wconf 66' lang='lat' dir='ltr'>ccum</span> <span class='ocrx_word' id='word_1_119' title='bbox 1494 1077 1731 1133; x_wconf 78' lang='lat' dir='ltr'>Sphingem</span> 
     </span>
     <span class='ocr_line' id='line_1_16' title="bbox 123 1148 1783 1209; baseline -0.008 -9"><span class='ocrx_word' id='word_1_120' title='bbox 123 1157 237 1200; x_wconf 90' lang='lat' dir='ltr'>domi</span> <span class='ocrx_word' id='word_1_121' title='bbox 267 1156 472 1197; x_wconf 88' lang='lat' dir='ltr'>habeas’:</span> <span class='ocrx_word' id='word_1_122' title='bbox 514 1156 740 1209; x_wconf 88' lang='lat' dir='ltr'>acceperat</span> <span class='ocrx_word' id='word_1_123' title='bbox 777 1155 919 1194; x_wconf 90' lang='lat' dir='ltr'>autem</span> <span class='ocrx_word' id='word_1_124' title='bbox 951 1151 1022 1193; x_wconf 88' lang='lat' dir='ltr'>ille</span> <span class='ocrx_word' id='word_1_125' title='bbox 1054 1166 1078 1192; x_wconf 90' lang='lat' dir='ltr'>a</span> <span class='ocrx_word' id='word_1_126' title='bbox 1108 1149 1244 1192; x_wconf 90' lang='lat' dir='ltr'>Verre</span> <span class='ocrx_word' id='word_1_127' title='bbox 1276 1148 1513 1204; x_wconf 73' lang='lat' dir='ltr'>Sphingem</span> <span class='ocrx_word' id='word_1_128' title='bbox 1555 1160 1731 1188; x_wconf 87' lang='lat' dir='ltr'>aeneam</span> <span class='ocrx_word' id='word_1_129' title='bbox 1752 1166 1783 1190; x_wconf 73' lang='lat'>15</span> 
     </span>
     <span class='ocr_line' id='line_1_17' title="bbox 123 1223 562 1282; baseline -0.009 -14"><span class='ocrx_word' id='word_1_130' title='bbox 123 1240 309 1282; x_wconf 86' lang='lat' dir='ltr'>magnae</span> <span class='ocrx_word' id='word_1_131' title='bbox 340 1223 562 1279; x_wconf 85' lang='lat' dir='ltr'>pecuniae.</span> 
     </span>
    </p>

    <p class='ocr_par' dir='ltr' id='par_1_7' title="bbox 52 1284 1787 1621">
     <span class='ocr_line' id='line_1_18' title="bbox 52 1284 1732 1340; baseline -0.008 -3"><span class='ocrx_word' id='word_1_132' title='bbox 52 1297 106 1338; x_wconf 80' lang='lat'>99</span> <span class='ocrx_word' id='word_1_133' title='bbox 239 1293 514 1336; x_wconf 66' lang='lat' dir='ltr'>subabsurda</span> <span class='ocrx_word' id='word_1_134' title='bbox 544 1292 619 1334; x_wconf 87' lang='lat' dir='ltr'>illa</span> <span class='ocrx_word' id='word_1_135' title='bbox 651 1292 853 1333; x_wconf 79' lang='lat' dir='ltr'>constant</span> <span class='ocrx_word' id='word_1_136' title='bbox 883 1289 1003 1331; x_wconf 87' lang='lat' dir='ltr'>stulti</span> <span class='ocrx_word' id='word_1_137' title='bbox 1035 1287 1328 1340; x_wconf 73' lang='lat' dir='ltr'>simulatione,</span> <span class='ocrx_word' id='word_1_138' title='bbox 1370 1299 1501 1340; x_wconf 84' lang='lat' dir='ltr'>quae,</span> <span class='ocrx_word' id='word_1_139' title='bbox 1542 1284 1625 1325; x_wconf 89' lang='lat' dir='ltr'>nisi</span> <span class='ocrx_word' id='word_1_140' title='bbox 1656 1284 1732 1325; x_wconf 88' lang='lat' dir='ltr'>fin-</span> 
     </span>
     <span class='ocr_line' id='line_1_19' title="bbox 125 1352 1733 1419; baseline -0.007 -15"><span class='ocrx_word' id='word_1_141' title='bbox 125 1365 299 1419; x_wconf 87' lang='lat' dir='ltr'>gantur,</span> <span class='ocrx_word' id='word_1_142' title='bbox 334 1361 467 1403; x_wconf 87' lang='lat' dir='ltr'>stulta</span> <span class='ocrx_word' id='word_1_143' title='bbox 489 1362 611 1402; x_wconf 91' lang='lat' dir='ltr'>sunt:</span> <span class='ocrx_word' id='word_1_144' title='bbox 643 1362 704 1414; x_wconf 90' lang='lat' dir='ltr'>ut,</span> <span class='ocrx_word' id='word_1_145' title='bbox 729 1359 800 1415; x_wconf 84' lang='lat' dir='ltr'>qui</span> <span class='ocrx_word' id='word_1_146' title='bbox 822 1357 1094 1411; x_wconf 86' lang='lat' dir='ltr'>mirantibus,</span> <span class='ocrx_word' id='word_1_147' title='bbox 1117 1356 1228 1411; x_wconf 87' lang='lat' dir='ltr'>quod</span> <span class='ocrx_word' id='word_1_148' title='bbox 1249 1354 1408 1396; x_wconf 85' lang='lat' dir='ltr'>humile</span> <span class='ocrx_word' id='word_1_149' title='bbox 1432 1352 1733 1394; x_wconf 88' lang='lat' dir='ltr'>candelabrum</span> 
     </span>
     <span class='ocr_line' id='line_1_20' title="bbox 126 1420 1736 1486; baseline -0.007 -13"><span class='ocrx_word' id='word_1_150' title='bbox 126 1432 311 1486; x_wconf 78' lang='lat' dir='ltr'>emisset,</span> <span class='ocrx_word' id='word_1_151' title='bbox 345 1429 639 1485; x_wconf 66' lang='lat' dir='ltr'>‘pransorium</span> <span class='ocrx_word' id='word_1_152' title='bbox 672 1428 774 1469; x_wconf 88' lang='lat' dir='ltr'>erit’</span> <span class='ocrx_word' id='word_1_153' title='bbox 807 1426 961 1482; x_wconf 87' lang='lat' dir='ltr'>inquit.</span> <span class='ocrx_word' id='word_1_154' title='bbox 1024 1425 1097 1466; x_wconf 89' lang='lat' dir='ltr'>sed</span> <span class='ocrx_word' id='word_1_155' title='bbox 1127 1424 1202 1465; x_wconf 88' lang='lat' dir='ltr'>illa</span> <span class='ocrx_word' id='word_1_156' title='bbox 1233 1422 1388 1465; x_wconf 87' lang='lat' dir='ltr'>similia</span> <span class='ocrx_word' id='word_1_157' title='bbox 1419 1420 1613 1463; x_wconf 81' lang='lat' dir='ltr'>absurdis</span> <span class='ocrx_word' id='word_1_158' title='bbox 1635 1423 1736 1462; x_wconf 87' lang='lat' dir='ltr'>sunt</span> 
     </span>
     <span class='ocr_line' id='line_1_21' title="bbox 127 1491 1787 1554; baseline -0.005 -12"><span class='ocrx_word' id='word_1_159' title='bbox 127 1500 262 1553; x_wconf 88' lang='lat' dir='ltr'>acria,</span> <span class='ocrx_word' id='word_1_160' title='bbox 310 1513 418 1554; x_wconf 85' lang='lat' dir='ltr'>quae</span> <span class='ocrx_word' id='word_1_161' title='bbox 466 1500 687 1552; x_wconf 87' lang='lat' dir='ltr'>tamquam</span> <span class='ocrx_word' id='word_1_162' title='bbox 734 1497 826 1537; x_wconf 89' lang='lat' dir='ltr'>sine</span> <span class='ocrx_word' id='word_1_163' title='bbox 864 1495 1029 1536; x_wconf 86' lang='lat' dir='ltr'>ratione</span> <span class='ocrx_word' id='word_1_164' title='bbox 1075 1493 1189 1535; x_wconf 88' lang='lat' dir='ltr'>dicta</span> <span class='ocrx_word' id='word_1_165' title='bbox 1233 1492 1452 1533; x_wconf 84' lang='lat' dir='ltr'>feruntur:</span> <span class='ocrx_word' id='word_1_166' title='bbox 1498 1491 1545 1531; x_wconf 92' lang='lat' dir='ltr'>ut</span> <span class='ocrx_word' id='word_1_167' title='bbox 1589 1504 1735 1530; x_wconf 86' lang='lat' dir='ltr'>seruus</span> <span class='ocrx_word' id='word_1_168' title='bbox 1755 1510 1787 1534; x_wconf 73' lang='lat' dir='ltr'>zo</span> 
     </span>
     <span class='ocr_line' id='line_1_22' title="bbox 128 1558 1735 1621; baseline -0.008 -10"><span class='ocrx_word' id='word_1_169' title='bbox 128 1567 391 1621; x_wconf 73' lang='lat' dir='ltr'>Dolabellae,</span> <span class='ocrx_word' id='word_1_170' title='bbox 427 1581 523 1608; x_wconf 88' lang='lat' dir='ltr'>cum</span> <span class='ocrx_word' id='word_1_171' title='bbox 554 1565 909 1621; x_wconf 84' lang='lat' dir='ltr'>interrogaretur,</span> <span class='ocrx_word' id='word_1_172' title='bbox 943 1578 997 1604; x_wconf 86' lang='lat' dir='ltr'>an</span> <span class='ocrx_word' id='word_1_173' title='bbox 1030 1562 1225 1603; x_wconf 85' lang='lat' dir='ltr'>dominus</span> <span class='ocrx_word' id='word_1_174' title='bbox 1257 1560 1346 1602; x_wconf 90' lang='lat' dir='ltr'>eius</span> <span class='ocrx_word' id='word_1_175' title='bbox 1379 1558 1620 1601; x_wconf 82' lang='lat' dir='ltr'>auctionem</span> <span class='ocrx_word' id='word_1_176' title='bbox 1642 1572 1735 1613; x_wconf 82' lang='lat' dir='ltr'>pro-</span> 
     </span>
    </p>

    <p class='ocr_par' dir='ltr' id='par_1_8' title="bbox 30 1628 1789 1897">
     <span class='ocr_line' id='line_1_23' title="bbox 30 1628 1737 1693; baseline -0.008 -13"><span class='ocrx_word' id='word_1_177' title='bbox 30 1640 111 1682; x_wconf 82' lang='lat'>100</span> <span class='ocrx_word' id='word_1_178' title='bbox 127 1637 360 1693; x_wconf 76' lang='lat' dir='ltr'>posuisset,</span> <span class='ocrx_word' id='word_1_179' title='bbox 404 1636 619 1677; x_wconf 76' lang='lat' dir='ltr'>‘domum&#39;</span> <span class='ocrx_word' id='word_1_180' title='bbox 659 1633 801 1689; x_wconf 86' lang='lat' dir='ltr'>inquit</span> <span class='ocrx_word' id='word_1_181' title='bbox 840 1631 1095 1673; x_wconf 70' lang='lat' dir='ltr'>cuendidit&#39;.</span> <span class='ocrx_word' id='word_1_182' title='bbox 1158 1628 1410 1685; x_wconf 85' lang='lat' dir='ltr'>deprehensi</span> <span class='ocrx_word' id='word_1_183' title='bbox 1450 1628 1623 1669; x_wconf 87' lang='lat' dir='ltr'>interim</span> <span class='ocrx_word' id='word_1_184' title='bbox 1662 1641 1737 1682; x_wconf 81' lang='lat' dir='ltr'>pu-</span> 
     </span>
     <span class='ocr_line' id='line_1_24' title="bbox 130 1695 1736 1757; baseline -0.007 -10"><span class='ocrx_word' id='word_1_185' title='bbox 130 1706 273 1748; x_wconf 85' lang='lat' dir='ltr'>dorem</span> <span class='ocrx_word' id='word_1_186' title='bbox 306 1719 427 1746; x_wconf 88' lang='lat' dir='ltr'>suum</span> <span class='ocrx_word' id='word_1_187' title='bbox 460 1703 638 1745; x_wconf 79' lang='lat' dir='ltr'>ridiculo</span> <span class='ocrx_word' id='word_1_188' title='bbox 671 1703 812 1757; x_wconf 86' lang='lat' dir='ltr'>aliquo</span> <span class='ocrx_word' id='word_1_189' title='bbox 845 1700 1084 1756; x_wconf 81' lang='lat' dir='ltr'>explicant:</span> <span class='ocrx_word' id='word_1_190' title='bbox 1119 1701 1184 1752; x_wconf 89' lang='lat' dir='ltr'>ut,</span> <span class='ocrx_word' id='word_1_191' title='bbox 1228 1698 1299 1753; x_wconf 86' lang='lat' dir='ltr'>qui</span> <span class='ocrx_word' id='word_1_192' title='bbox 1336 1698 1489 1738; x_wconf 86' lang='lat' dir='ltr'>testem</span> <span class='ocrx_word' id='word_1_193' title='bbox 1523 1695 1736 1737; x_wconf 86' lang='lat' dir='ltr'>dicentem</span> 
     </span>
     <span class='ocr_line' id='line_1_25' title="bbox 131 1765 1736 1825; baseline -0.007 -9"><span class='ocrx_word' id='word_1_194' title='bbox 131 1789 174 1816; x_wconf 89' lang='lat' dir='ltr'>se</span> <span class='ocrx_word' id='word_1_195' title='bbox 208 1789 232 1815; x_wconf 90' lang='lat' dir='ltr'>a</span> <span class='ocrx_word' id='word_1_196' title='bbox 262 1788 334 1814; x_wconf 92' lang='lat' dir='ltr'>reo</span> <span class='ocrx_word' id='word_1_197' title='bbox 364 1773 638 1814; x_wconf 84' lang='lat' dir='ltr'>uulneratum</span> <span class='ocrx_word' id='word_1_198' title='bbox 670 1770 1029 1825; x_wconf 88' lang='lat' dir='ltr'>interrogauerat,</span> <span class='ocrx_word' id='word_1_199' title='bbox 1064 1783 1120 1809; x_wconf 88' lang='lat' dir='ltr'>an</span> <span class='ocrx_word' id='word_1_200' title='bbox 1153 1766 1396 1808; x_wconf 82' lang='lat' dir='ltr'>cicatricem</span> <span class='ocrx_word' id='word_1_201' title='bbox 1417 1765 1608 1818; x_wconf 88' lang='lat' dir='ltr'>haberet,</span> <span class='ocrx_word' id='word_1_202' title='bbox 1642 1779 1736 1805; x_wconf 86' lang='lat' dir='ltr'>cum</span> 
     </span>
     <span class='ocr_line' id='line_1_26' title="bbox 130 1832 1789 1897; baseline -0.005 -13"><span class='ocrx_word' id='word_1_203' title='bbox 130 1842 202 1884; x_wconf 88' lang='lat' dir='ltr'>ille</span> <span class='ocrx_word' id='word_1_204' title='bbox 241 1842 463 1897; x_wconf 88' lang='lat' dir='ltr'>ingentem</span> <span class='ocrx_word' id='word_1_205' title='bbox 502 1841 547 1882; x_wconf 91' lang='lat' dir='ltr'>in</span> <span class='ocrx_word' id='word_1_206' title='bbox 588 1839 748 1882; x_wconf 66' lang='lat' dir='ltr'>femine</span> <span class='ocrx_word' id='word_1_207' title='bbox 787 1837 1064 1890; x_wconf 71' lang='lat' dir='ltr'>ostendisset,</span> <span class='ocrx_word' id='word_1_208' title='bbox 1107 1835 1262 1877; x_wconf 76' lang='lat' dir='ltr'>elatus’</span> <span class='ocrx_word' id='word_1_209' title='bbox 1303 1834 1444 1889; x_wconf 88' lang='lat' dir='ltr'>inquit</span> <span class='ocrx_word' id='word_1_210' title='bbox 1484 1832 1735 1888; x_wconf 54' lang='lat' dir='ltr'>&lt;oportuit³2</span> <span class='ocrx_word' id='word_1_211' title='bbox 1757 1852 1789 1877; x_wconf 79' lang='lat'>25</span> 
     </span>
    </p>
   </div>
   <div class='ocr_carea' id='block_1_3' title="bbox 222 1963 1528 2012">
    <p class='ocr_par' dir='ltr' id='par_1_9' title="bbox 222 1963 1528 2012">
     <span class='ocr_line' id='line_1_27' title="bbox 222 1963 1528 2012; baseline -0.007 -10"><span class='ocrx_word' id='word_1_212' title='bbox 222 1973 254 2002; x_wconf 76' lang='lat'>4.</span> <span class='ocrx_word' id='word_1_213' title='bbox 281 1968 418 2012; x_wconf 79' lang='lat' dir='ltr'>tragici</span> <span class='ocrx_word' id='word_1_214' title='bbox 442 1969 576 2001; x_wconf 81' lang='lat' dir='ltr'>incerti</span> <span class='ocrx_word' id='word_1_215' title='bbox 602 1979 636 2010; x_wconf 88' lang='lat' dir='ltr'>p.</span> <span class='ocrx_word' id='word_1_216' title='bbox 663 1969 726 1999; x_wconf 82' lang='grc'>211</span> <span class='ocrx_word' id='word_1_217' title='bbox 755 1966 861 1999; x_wconf 85' lang='lat' dir='ltr'>Ribb.</span> <span class='ocrx_word' id='word_1_218' title='bbox 957 1965 988 1997; x_wconf 82' lang='lat'>8.</span> <span class='ocrx_word' id='word_1_219' title='bbox 1018 1964 1149 1997; x_wconf 88' lang='lat' dir='ltr'>comici</span> <span class='ocrx_word' id='word_1_220' title='bbox 1174 1963 1307 1995; x_wconf 80' lang='lat' dir='ltr'>incerti</span> <span class='ocrx_word' id='word_1_221' title='bbox 1333 1974 1367 2005; x_wconf 91' lang='lat' dir='ltr'>p.</span> <span class='ocrx_word' id='word_1_222' title='bbox 1398 1963 1460 1995; x_wconf 81' lang='lat'>104</span> <span class='ocrx_word' id='word_1_223' title='bbox 1486 1963 1528 1994; x_wconf 83' lang='lat' dir='ltr'>R.</span> 
     </span>
    </p>
   </div>
   <div class='ocr_carea' id='block_1_4' title="bbox 131 2075 1743 2991">
    <p class='ocr_par' dir='ltr' id='par_1_10' title="bbox 131 2075 1739 2308">
     <span class='ocr_line' id='line_1_28' title="bbox 227 2075 1739 2119; baseline -0.007 -4"><span class='ocrx_word' id='word_1_224' title='bbox 227 2087 242 2115; x_wconf 85' lang='lat' dir='ltr'>l</span> <span class='ocrx_word' id='word_1_225' title='bbox 271 2084 442 2116; x_wconf 83' lang='lat' dir='ltr'>conditus</span> <span class='ocrx_word' id='word_1_226' title='bbox 467 2084 494 2114; x_wconf 89' lang='lat' dir='ltr'>G</span> <span class='ocrx_word' id='word_1_227' title='bbox 611 2082 647 2113; x_wconf 88' lang='lat' dir='ltr'>in</span> <span class='ocrx_word' id='word_1_228' title='bbox 673 2081 838 2112; x_wconf 81' lang='lat' dir='ltr'>Lartium</span> <span class='ocrx_word' id='word_1_229' title='bbox 865 2080 1032 2112; x_wconf 74' lang='lat' dir='ltr'>Bonnell:</span> <span class='ocrx_word' id='word_1_230' title='bbox 1058 2080 1092 2110; x_wconf 84' lang='lat' dir='ltr'>z&#39;n</span> <span class='ocrx_word' id='word_1_231' title='bbox 1118 2078 1259 2109; x_wconf 83' lang='lat' dir='ltr'>lertium</span> <span class='ocrx_word' id='word_1_232' title='bbox 1286 2077 1327 2119; x_wconf 87' lang='lat' dir='ltr'>A,</span> <span class='ocrx_word' id='word_1_233' title='bbox 1356 2077 1393 2107; x_wconf 91' lang='lat' dir='ltr'>in</span> <span class='ocrx_word' id='word_1_234' title='bbox 1421 2075 1551 2107; x_wconf 85' lang='lat' dir='ltr'>artium</span> <span class='ocrx_word' id='word_1_235' title='bbox 1579 2076 1618 2114; x_wconf 82' lang='lat' dir='ltr'>G,</span> <span class='ocrx_word' id='word_1_236' title='bbox 1645 2085 1739 2111; x_wconf 79' lang='lat' dir='ltr'>mar-</span> 
     </span>
     <span class='ocr_line' id='line_1_29' title="bbox 133 2119 1662 2172; baseline -0.007 -10"><span class='ocrx_word' id='word_1_237' title='bbox 133 2131 222 2162; x_wconf 82' lang='lat' dir='ltr'>tium</span> <span class='ocrx_word' id='word_1_238' title='bbox 248 2131 324 2172; x_wconf 85' lang='lat' dir='ltr'>MS,</span> <span class='ocrx_word' id='word_1_239' title='bbox 349 2130 387 2160; x_wconf 87' lang='lat' dir='ltr'>in</span> <span class='ocrx_word' id='word_1_240' title='bbox 412 2129 592 2160; x_wconf 80' lang='lat' dir='ltr'>Marcium</span> <span class='ocrx_word' id='word_1_241' title='bbox 618 2128 696 2160; x_wconf 79' lang='lat' dir='ltr'>edd.</span> <span class='ocrx_word' id='word_1_242' title='bbox 720 2128 859 2167; x_wconf 73' lang='lat' dir='ltr'>priores</span> <span class='ocrx_word' id='word_1_243' title='bbox 953 2124 1097 2157; x_wconf 86' lang='lat' dir='ltr'>nomine</span> <span class='ocrx_word' id='word_1_244' title='bbox 1123 2124 1257 2154; x_wconf 87' lang='lat' dir='ltr'>AGMS</span> <span class='ocrx_word' id='word_1_245' title='bbox 1351 2124 1371 2153; x_wconf 96' lang='grc'>2</span> <span class='ocrx_word' id='word_1_246' title='bbox 1399 2121 1556 2153; x_wconf 84' lang='lat' dir='ltr'>calidum</span> <span class='ocrx_word' id='word_1_247' title='bbox 1582 2119 1662 2151; x_wconf 89' lang='lat' dir='ltr'>A¹G</span> 
     </span>
     <span class='ocr_line' id='line_1_30' title="bbox 133 2166 1737 2212; baseline -0.007 -4"><span class='ocrx_word' id='word_1_248' title='bbox 133 2178 320 2208; x_wconf 73' lang='lat' dir='ltr'>uersutum</span> <span class='ocrx_word' id='word_1_249' title='bbox 345 2176 375 2206; x_wconf 88' lang='lat' dir='ltr'>A</span> <span class='ocrx_word' id='word_1_250' title='bbox 468 2176 488 2206; x_wconf 80' lang='lat'>4</span> <span class='ocrx_word' id='word_1_251' title='bbox 514 2174 586 2205; x_wconf 90' lang='lat' dir='ltr'>nisi</span> <span class='ocrx_word' id='word_1_252' title='bbox 612 2174 642 2205; x_wconf 88' lang='lat' dir='ltr'>si</span> <span class='ocrx_word' id='word_1_253' title='bbox 668 2174 732 2203; x_wconf 88' lang='lat' dir='ltr'>AG</span> <span class='ocrx_word' id='word_1_254' title='bbox 757 2177 792 2203; x_wconf 79' lang='lat' dir='ltr'>ut</span> <span class='ocrx_word' id='word_1_255' title='bbox 816 2172 902 2203; x_wconf 81' lang='lat' dir='ltr'>coni.</span> <span class='ocrx_word' id='word_1_256' title='bbox 927 2170 1112 2212; x_wconf 69' lang='lat' dir='ltr'>Spaldiny:</span> <span class='ocrx_word' id='word_1_257' title='bbox 1141 2169 1213 2200; x_wconf 88' lang='lat' dir='ltr'>nisi</span> <span class='ocrx_word' id='word_1_258' title='bbox 1238 2169 1320 2200; x_wconf 77' lang='lat' dir='ltr'>dett.</span> <span class='ocrx_word' id='word_1_259' title='bbox 1417 2168 1504 2208; x_wconf 86' lang='lat' dir='ltr'>quia</span> <span class='ocrx_word' id='word_1_260' title='bbox 1529 2167 1591 2197; x_wconf 88' lang='lat' dir='ltr'>MS</span> <span class='ocrx_word' id='word_1_261' title='bbox 1685 2166 1737 2197; x_wconf 87' lang='lat' dir='ltr'>in-</span> 
     </span>
     <span class='ocr_line' id='line_1_31' title="bbox 131 2212 1738 2260; baseline -0.007 -7"><span class='ocrx_word' id='word_1_262' title='bbox 131 2221 287 2254; x_wconf 83' lang='lat' dir='ltr'>teruasit</span> <span class='ocrx_word' id='word_1_263' title='bbox 312 2221 407 2253; x_wconf 81' lang='lat' dir='ltr'>libri:</span> <span class='ocrx_word' id='word_1_264' title='bbox 433 2220 544 2252; x_wconf 84' lang='lat' dir='ltr'>lintre</span> <span class='ocrx_word' id='word_1_265' title='bbox 572 2218 640 2260; x_wconf 74' lang='lat' dir='ltr'>(uel</span> <span class='ocrx_word' id='word_1_266' title='bbox 657 2217 755 2257; x_wconf 84' lang='lat' dir='ltr'>inde)</span> <span class='ocrx_word' id='word_1_267' title='bbox 777 2217 898 2249; x_wconf 80' lang='lat' dir='ltr'>euasit</span> <span class='ocrx_word' id='word_1_268' title='bbox 915 2217 1083 2258; x_wconf 64' lang='lat' dir='ltr'>Spalding)</span> <span class='ocrx_word' id='word_1_269' title='bbox 1102 2217 1193 2255; x_wconf 81' lang='lat' dir='ltr'>(ilem</span> <span class='ocrx_word' id='word_1_270' title='bbox 1210 2213 1356 2246; x_wconf 75' lang='lat' dir='ltr'>Ribbeck</span> <span class='ocrx_word' id='word_1_271' title='bbox 1380 2213 1481 2254; x_wconf 68' lang='grc' dir='ltr'>Ττάῃ,</span> <span class='ocrx_word' id='word_1_272' title='bbox 1501 2214 1575 2246; x_wconf 71' lang='lat' dir='ltr'>rell.</span> <span class='ocrx_word' id='word_1_273' title='bbox 1593 2224 1626 2252; x_wconf 77' lang='lat' dir='ltr'>p.</span> <span class='ocrx_word' id='word_1_274' title='bbox 1644 2212 1738 2252; x_wconf 81' lang='lat'>211),</span> 
     </span>
     <span class='ocr_line' id='line_1_32' title="bbox 134 2258 1739 2308; baseline -0.007 -8"><span class='ocrx_word' id='word_1_275' title='bbox 134 2271 214 2300; x_wconf 78' lang='lat' dir='ltr'>arte</span> <span class='ocrx_word' id='word_1_276' title='bbox 243 2266 310 2308; x_wconf 75' lang='lat' dir='ltr'>(uel</span> <span class='ocrx_word' id='word_1_277' title='bbox 334 2266 429 2306; x_wconf 86' lang='lat' dir='ltr'>rate)</span> <span class='ocrx_word' id='word_1_278' title='bbox 458 2265 580 2297; x_wconf 84' lang='lat' dir='ltr'>euasit</span> <span class='ocrx_word' id='word_1_279' title='bbox 606 2266 665 2296; x_wconf 79' lang='grc' dir='ltr'>(ιίἰί</span> <span class='ocrx_word' id='word_1_280' title='bbox 758 2264 909 2294; x_wconf 82' lang='lat' dir='ltr'>Lartius</span> <span class='ocrx_word' id='word_1_281' title='bbox 935 2264 964 2293; x_wconf 91' lang='lat' dir='ltr'>A</span> <span class='ocrx_word' id='word_1_282' title='bbox 989 2266 1022 2293; x_wconf 73' lang='lat' dir='ltr'>et</span> <span class='ocrx_word' id='word_1_283' title='bbox 1048 2261 1233 2303; x_wconf 64' lang='lat' dir='ltr'>Spalding:</span> <span class='ocrx_word' id='word_1_284' title='bbox 1261 2259 1390 2291; x_wconf 71' lang='lat' dir='ltr'>lortius</span> <span class='ocrx_word' id='word_1_285' title='bbox 1417 2258 1586 2297; x_wconf 68' lang='lat' dir='ltr'>(laertius</span> <span class='ocrx_word' id='word_1_286' title='bbox 1604 2258 1638 2298; x_wconf 85' lang='lat' dir='ltr'>a)</span> <span class='ocrx_word' id='word_1_287' title='bbox 1665 2259 1739 2289; x_wconf 82' lang='lat' dir='ltr'>rell.</span> 
     </span>
    </p>

    <p class='ocr_par' dir='ltr' id='par_1_11' title="bbox 135 2303 1743 2583">
     <span class='ocr_line' id='line_1_33' title="bbox 230 2303 1738 2352; baseline -0.005 -8"><span class='ocrx_word' id='word_1_288' title='bbox 230 2315 250 2345; x_wconf 85' lang='lat'>5</span> <span class='ocrx_word' id='word_1_289' title='bbox 276 2312 512 2344; x_wconf 75' lang='lat' dir='ltr'>stultissimus</span> <span class='ocrx_word' id='word_1_290' title='bbox 537 2312 577 2352; x_wconf 90' lang='lat' dir='ltr'>A,</span> <span class='ocrx_word' id='word_1_291' title='bbox 605 2309 826 2342; x_wconf 84' lang='lat' dir='ltr'>stultissima</span> <span class='ocrx_word' id='word_1_292' title='bbox 851 2309 878 2339; x_wconf 93' lang='lat' dir='ltr'>G</span> <span class='ocrx_word' id='word_1_293' title='bbox 995 2308 1014 2338; x_wconf 75' lang='lat'>(3</span> <span class='ocrx_word' id='word_1_294' title='bbox 1039 2306 1184 2338; x_wconf 72' lang='lat' dir='ltr'>habitus</span> <span class='ocrx_word' id='word_1_295' title='bbox 1209 2306 1238 2336; x_wconf 90' lang='lat' dir='ltr'>A</span> <span class='ocrx_word' id='word_1_296' title='bbox 1353 2306 1373 2337; x_wconf 78' lang='lat'>8</span> <span class='ocrx_word' id='word_1_297' title='bbox 1400 2303 1588 2336; x_wconf 82' lang='lat' dir='ltr'>hereditas</span> <span class='ocrx_word' id='word_1_298' title='bbox 1613 2303 1738 2336; x_wconf 84' lang='lat' dir='ltr'>AGM:</span> 
     </span>
     <span class='ocr_line' id='line_1_34' title="bbox 135 2348 1741 2393; baseline -0.007 -2"><span class='ocrx_word' id='word_1_299' title='bbox 135 2359 237 2391; x_wconf 76' lang='lat' dir='ltr'>euius</span> <span class='ocrx_word' id='word_1_300' title='bbox 264 2358 454 2390; x_wconf 83' lang='lat' dir='ltr'>hereditas</span> <span class='ocrx_word' id='word_1_301' title='bbox 481 2358 500 2388; x_wconf 92' lang='lat' dir='ltr'>S</span> <span class='ocrx_word' id='word_1_302' title='bbox 526 2362 558 2389; x_wconf 84' lang='lat' dir='ltr'>et</span> <span class='ocrx_word' id='word_1_303' title='bbox 585 2367 675 2388; x_wconf 79' lang='lat' dir='ltr'>corr.</span> <span class='ocrx_word' id='word_1_304' title='bbox 702 2357 727 2386; x_wconf 84' lang='lat' dir='ltr'>T</span> <span class='ocrx_word' id='word_1_305' title='bbox 847 2357 901 2385; x_wconf 78' lang='lat' dir='ltr'>est</span> <span class='ocrx_word' id='word_1_306' title='bbox 925 2354 964 2393; x_wconf 92' lang='lat' dir='ltr'>A,</span> <span class='ocrx_word' id='word_1_307' title='bbox 994 2356 1093 2384; x_wconf 86' lang='lat' dir='ltr'>esset</span> <span class='ocrx_word' id='word_1_308' title='bbox 1117 2353 1181 2382; x_wconf 90' lang='lat' dir='ltr'>MS</span> <span class='ocrx_word' id='word_1_309' title='bbox 1298 2352 1317 2382; x_wconf 75' lang='lat'>9</span> <span class='ocrx_word' id='word_1_310' title='bbox 1347 2349 1512 2382; x_wconf 80' lang='lat' dir='ltr'>t&#39;alicitas</span> <span class='ocrx_word' id='word_1_311' title='bbox 1537 2350 1577 2389; x_wconf 83' lang='lat' dir='ltr'>A,</span> <span class='ocrx_word' id='word_1_312' title='bbox 1603 2348 1741 2380; x_wconf 88' lang='lat' dir='ltr'>facilli-</span> 
     </span>
     <span class='ocr_line' id='line_1_35' title="bbox 135 2394 1740 2444; baseline -0.007 -8"><span class='ocrx_word' id='word_1_313' title='bbox 135 2408 191 2436; x_wconf 87' lang='lat' dir='ltr'>tas</span> <span class='ocrx_word' id='word_1_314' title='bbox 217 2406 264 2443; x_wconf 97' lang='lat' dir='ltr'>M,</span> <span class='ocrx_word' id='word_1_315' title='bbox 293 2403 456 2436; x_wconf 84' lang='lat' dir='ltr'>felicitas</span> <span class='ocrx_word' id='word_1_316' title='bbox 483 2413 504 2434; x_wconf 87' lang='lat' dir='ltr'>a</span> <span class='ocrx_word' id='word_1_317' title='bbox 623 2412 716 2444; x_wconf 85' lang='lat' dir='ltr'>quae</span> <span class='ocrx_word' id='word_1_318' title='bbox 741 2401 787 2431; x_wconf 93' lang='lat' dir='ltr'>A:</span> <span class='ocrx_word' id='word_1_319' title='bbox 816 2411 846 2441; x_wconf 86' lang='lat' dir='ltr'>q.</span> <span class='ocrx_word' id='word_1_320' title='bbox 874 2400 957 2440; x_wconf 91' lang='lat' dir='ltr'>GM,</span> <span class='ocrx_word' id='word_1_321' title='bbox 984 2398 1077 2440; x_wconf 84' lang='lat' dir='ltr'>quod</span> <span class='ocrx_word' id='word_1_322' title='bbox 1103 2399 1122 2428; x_wconf 90' lang='lat' dir='ltr'>S</span> <span class='ocrx_word' id='word_1_323' title='bbox 1148 2402 1181 2429; x_wconf 84' lang='lat' dir='ltr'>et</span> <span class='ocrx_word' id='word_1_324' title='bbox 1206 2398 1287 2429; x_wconf 78' lang='lat' dir='ltr'>dele.</span> <span class='ocrx_word' id='word_1_325' title='bbox 1406 2397 1446 2428; x_wconf 86' lang='lat'>10</span> <span class='ocrx_word' id='word_1_326' title='bbox 1472 2404 1639 2426; x_wconf 74' lang='lat' dir='ltr'>naPOAIa</span> <span class='ocrx_word' id='word_1_327' title='bbox 1664 2394 1740 2433; x_wconf 88' lang='lat' dir='ltr'>AG,</span> 
     </span>
     <span class='ocr_line' id='line_1_36' title="bbox 135 2439 1742 2492; baseline -0.007 -10"><span class='ocrx_word' id='word_1_328' title='bbox 135 2450 289 2492; x_wconf 81' lang='lat' dir='ltr'>paronia</span> <span class='ocrx_word' id='word_1_329' title='bbox 315 2451 346 2490; x_wconf 88' lang='lat' dir='ltr'>S,</span> <span class='ocrx_word' id='word_1_330' title='bbox 373 2461 433 2482; x_wconf 86' lang='lat' dir='ltr'>om.</span> <span class='ocrx_word' id='word_1_331' title='bbox 461 2450 496 2479; x_wconf 87' lang='grc' dir='ltr'><strong>Μ</strong></span> <span class='ocrx_word' id='word_1_332' title='bbox 614 2453 813 2489; x_wconf 84' lang='lat' dir='ltr'>oportunae</span> <span class='ocrx_word' id='word_1_333' title='bbox 840 2446 868 2476; x_wconf 92' lang='lat' dir='ltr'>A</span> <span class='ocrx_word' id='word_1_334' title='bbox 968 2444 1113 2475; x_wconf 87' lang='lat' dir='ltr'>homine</span> <span class='ocrx_word' id='word_1_335' title='bbox 1141 2453 1247 2484; x_wconf 83' lang='lat' dir='ltr'>quam</span> <span class='ocrx_word' id='word_1_336' title='bbox 1275 2440 1446 2483; x_wconf 85' lang='lat' dir='ltr'>(nequam</span> <span class='ocrx_word' id='word_1_337' title='bbox 1472 2440 1507 2481; x_wconf 86' lang='lat' dir='ltr'>a)</span> <span class='ocrx_word' id='word_1_338' title='bbox 1533 2440 1651 2479; x_wconf 93' lang='lat' dir='ltr'>AGM,</span> <span class='ocrx_word' id='word_1_339' title='bbox 1679 2439 1742 2471; x_wconf 92' lang='lat' dir='ltr'>ho-</span> 
     </span>
     <span class='ocr_line' id='line_1_37' title="bbox 136 2486 1740 2536; baseline -0.007 -9"><span class='ocrx_word' id='word_1_340' title='bbox 136 2497 231 2527; x_wconf 86' lang='lat' dir='ltr'>mine</span> <span class='ocrx_word' id='word_1_341' title='bbox 258 2496 295 2526; x_wconf 90' lang='lat' dir='ltr'>in</span> <span class='ocrx_word' id='word_1_342' title='bbox 324 2505 455 2536; x_wconf 79' lang='lat' dir='ltr'>aquam</span> <span class='ocrx_word' id='word_1_343' title='bbox 481 2495 501 2525; x_wconf 89' lang='lat' dir='ltr'>S</span> <span class='ocrx_word' id='word_1_344' title='bbox 636 2495 674 2524; x_wconf 95' lang='grc'>11</span> <span class='ocrx_word' id='word_1_345' title='bbox 703 2491 928 2524; x_wconf 82' lang='lat' dir='ltr'>alleuaretui·</span> <span class='ocrx_word' id='word_1_346' title='bbox 953 2491 1078 2526; x_wconf 64' lang='grc' dir='ltr'><strong>θεας,</strong></span> <span class='ocrx_word' id='word_1_347' title='bbox 1107 2488 1272 2520; x_wconf 81' lang='lat' dir='ltr'>alienare</span> <span class='ocrx_word' id='word_1_348' title='bbox 1297 2489 1333 2517; x_wconf 88' lang='lat' dir='ltr'>M</span> <span class='ocrx_word' id='word_1_349' title='bbox 1465 2488 1598 2527; x_wconf 79' lang='lat' dir='ltr'>rogant</span> <span class='ocrx_word' id='word_1_350' title='bbox 1622 2486 1660 2525; x_wconf 88' lang='lat' dir='ltr'>G,</span> <span class='ocrx_word' id='word_1_351' title='bbox 1686 2495 1740 2517; x_wconf 89' lang='lat' dir='ltr'>ro-</span> 
     </span>
     <span class='ocr_line' id='line_1_38' title="bbox 136 2530 1743 2583; baseline -0.008 -10"><span class='ocrx_word' id='word_1_352' title='bbox 136 2544 246 2583; x_wconf 76' lang='lat' dir='ltr'>gante</span> <span class='ocrx_word' id='word_1_353' title='bbox 272 2542 307 2571; x_wconf 92' lang='lat' dir='ltr'>M</span> <span class='ocrx_word' id='word_1_354' title='bbox 405 2542 444 2571; x_wconf 78' lang='lat'>12</span> <span class='ocrx_word' id='word_1_355' title='bbox 471 2540 606 2572; x_wconf 84' lang='lat' dir='ltr'>ducere</span> <span class='ocrx_word' id='word_1_356' title='bbox 632 2539 685 2570; x_wconf 71' lang='lat' dir='ltr'>ecl.</span> <span class='ocrx_word' id='word_1_357' title='bbox 713 2537 829 2578; x_wconf 75' lang='lat' dir='ltr'>Camp.</span> <span class='ocrx_word' id='word_1_358' title='bbox 856 2540 887 2568; x_wconf 76' lang='lat' dir='ltr'>et</span> <span class='ocrx_word' id='word_1_359' title='bbox 916 2536 1056 2576; x_wconf 66' lang='lat' dir='ltr'>lieffl&#39;us:</span> <span class='ocrx_word' id='word_1_360' title='bbox 1084 2535 1214 2567; x_wconf 81' lang='lat' dir='ltr'>docore</span> <span class='ocrx_word' id='word_1_361' title='bbox 1233 2533 1366 2564; x_wconf 89' lang='lat' dir='ltr'>AGMS</span> <span class='ocrx_word' id='word_1_362' title='bbox 1459 2532 1697 2564; x_wconf 79' lang='lat' dir='ltr'>urbinitatem</span> <span class='ocrx_word' id='word_1_363' title='bbox 1714 2530 1743 2560; x_wconf 88' lang='lat' dir='ltr'>A</span> 
     </span>
    </p>

    <p class='ocr_par' dir='ltr' id='par_1_12' title="bbox 135 2576 1743 2991">
     <span class='ocr_line' id='line_1_39' title="bbox 229 2576 1743 2627; baseline -0.009 -9"><span class='ocrx_word' id='word_1_364' title='bbox 229 2588 268 2618; x_wconf 77' lang='lat'>14</span> <span class='ocrx_word' id='word_1_365' title='bbox 296 2586 410 2627; x_wconf 85' lang='lat' dir='ltr'>adqui</span> <span class='ocrx_word' id='word_1_366' title='bbox 434 2584 476 2616; x_wconf 89' lang='lat' dir='ltr'>A¹</span> <span class='ocrx_word' id='word_1_367' title='bbox 573 2585 730 2626; x_wconf 80' lang='lat' dir='ltr'>spingen</span> <span class='ocrx_word' id='word_1_368' title='bbox 757 2583 851 2613; x_wconf 83' lang='lat' dir='ltr'>domi</span> <span class='ocrx_word' id='word_1_369' title='bbox 877 2582 1024 2621; x_wconf 88' lang='lat' dir='ltr'>AGMS,</span> <span class='ocrx_word' id='word_1_370' title='bbox 1050 2581 1113 2612; x_wconf 74' lang='lat' dir='ltr'>sed</span> <span class='ocrx_word' id='word_1_371' title='bbox 1135 2581 1164 2611; x_wconf 95' lang='lat' dir='ltr'>A</span> <span class='ocrx_word' id='word_1_372' title='bbox 1190 2578 1258 2611; x_wconf 89' lang='lat' dir='ltr'>ndo</span> <span class='ocrx_word' id='word_1_373' title='bbox 1284 2580 1318 2610; x_wconf 83' lang='lat' dir='ltr'>in</span> <span class='ocrx_word' id='word_1_374' title='bbox 1342 2588 1413 2610; x_wconf 75' lang='lat' dir='ltr'>ras.</span> <span class='ocrx_word' id='word_1_375' title='bbox 1512 2578 1551 2608; x_wconf 86' lang='lat'>15</span> <span class='ocrx_word' id='word_1_376' title='bbox 1577 2576 1743 2617; x_wconf 84' lang='lat' dir='ltr'>spingem</span> 
     </span>
     <span class='ocr_line' id='line_1_40' title="bbox 135 2618 1743 2674; baseline -0.009 -10"><span class='ocrx_word' id='word_1_377' title='bbox 135 2633 238 2672; x_wconf 89' lang='lat' dir='ltr'>AGS,</span> <span class='ocrx_word' id='word_1_378' title='bbox 265 2632 422 2674; x_wconf 82' lang='lat' dir='ltr'>spingen</span> <span class='ocrx_word' id='word_1_379' title='bbox 447 2632 483 2661; x_wconf 90' lang='lat' dir='ltr'>M</span> <span class='ocrx_word' id='word_1_380' title='bbox 579 2632 618 2662; x_wconf 80' lang='lat'>17</span> <span class='ocrx_word' id='word_1_381' title='bbox 645 2628 751 2661; x_wconf 85' lang='lat' dir='ltr'>stulti</span> <span class='ocrx_word' id='word_1_382' title='bbox 779 2627 1032 2659; x_wconf 82' lang='lat' dir='ltr'>simulatione:</span> <span class='ocrx_word' id='word_1_383' title='bbox 1067 2636 1160 2668; x_wconf 82' lang='lat' dir='ltr'>quac</span> <span class='ocrx_word' id='word_1_384' title='bbox 1188 2624 1374 2666; x_wconf 64' lang='lat' dir='ltr'>Spalding:</span> <span class='ocrx_word' id='word_1_385' title='bbox 1401 2621 1615 2665; x_wconf 66' lang='lat' dir='ltr'>stultissimi</span> <span class='ocrx_word' id='word_1_386' title='bbox 1638 2618 1743 2660; x_wconf 79' lang='lat' dir='ltr'>(stul-</span> 
     </span>
     <span class='ocr_line' id='line_1_41' title="bbox 136 2664 1740 2718; baseline -0.009 -9"><span class='ocrx_word' id='word_1_387' title='bbox 136 2678 281 2709; x_wconf 77' lang='lat' dir='ltr'>tissima</span> <span class='ocrx_word' id='word_1_388' title='bbox 307 2678 334 2708; x_wconf 98' lang='lat' dir='ltr'>G</span> <span class='ocrx_word' id='word_1_389' title='bbox 358 2688 412 2718; x_wconf 80' lang='lat' dir='ltr'>pr.</span> <span class='ocrx_word' id='word_1_390' title='bbox 440 2676 495 2717; x_wconf 71' lang='grc' dir='ltr'>7η.)</span> <span class='ocrx_word' id='word_1_391' title='bbox 524 2676 730 2707; x_wconf 85' lang='lat' dir='ltr'>imitatione</span> <span class='ocrx_word' id='word_1_392' title='bbox 759 2676 795 2705; x_wconf 86' lang='lat' dir='ltr'>et</span> <span class='ocrx_word' id='word_1_393' title='bbox 821 2683 915 2714; x_wconf 88' lang='lat' dir='ltr'>quae</span> <span class='ocrx_word' id='word_1_394' title='bbox 942 2672 1028 2710; x_wconf 76' lang='lat' dir='ltr'>libri,</span> <span class='ocrx_word' id='word_1_395' title='bbox 1055 2672 1099 2711; x_wconf 79' lang='lat' dir='ltr'>cf.</span> <span class='ocrx_word' id='word_1_396' title='bbox 1125 2680 1232 2713; x_wconf 72' lang='lat' dir='ltr'>supra.</span> <span class='ocrx_word' id='word_1_397' title='bbox 1256 2670 1275 2708; x_wconf 62' lang='grc' dir='ltr'>ξ</span> <span class='ocrx_word' id='word_1_398' title='bbox 1302 2671 1349 2701; x_wconf 82' lang='lat'>23</span> <span class='ocrx_word' id='word_1_399' title='bbox 1479 2669 1519 2699; x_wconf 87' lang='grc'>18</span> <span class='ocrx_word' id='word_1_400' title='bbox 1544 2664 1679 2697; x_wconf 80' lang='lat' dir='ltr'>humile</span> <span class='ocrx_word' id='word_1_401' title='bbox 1705 2666 1740 2696; x_wconf 86' lang='lat' dir='ltr'>S:</span> 
     </span>
     <span class='ocr_line' id='line_1_42' title="bbox 137 2709 1741 2757; baseline -0.007 -4"><span class='ocrx_word' id='word_1_402' title='bbox 137 2723 309 2754; x_wconf 86' lang='lat' dir='ltr'>humilem</span> <span class='ocrx_word' id='word_1_403' title='bbox 336 2723 443 2753; x_wconf 90' lang='lat' dir='ltr'>AGM</span> <span class='ocrx_word' id='word_1_404' title='bbox 552 2724 594 2754; x_wconf 88' lang='grc'>20</span> <span class='ocrx_word' id='word_1_405' title='bbox 622 2721 788 2752; x_wconf 85' lang='lat' dir='ltr'>feruntur</span> <span class='ocrx_word' id='word_1_406' title='bbox 813 2720 851 2750; x_wconf 89' lang='lat' dir='ltr'>S:</span> <span class='ocrx_word' id='word_1_407' title='bbox 879 2718 1004 2750; x_wconf 85' lang='lat' dir='ltr'>ferunt</span> <span class='ocrx_word' id='word_1_408' title='bbox 1028 2718 1135 2749; x_wconf 90' lang='lat' dir='ltr'>AGM</span> <span class='ocrx_word' id='word_1_409' title='bbox 1229 2718 1266 2746; x_wconf 78' lang='lat' dir='ltr'>ut</span> <span class='ocrx_word' id='word_1_410' title='bbox 1290 2715 1331 2757; x_wconf 87' lang='lat' dir='ltr'>A,</span> <span class='ocrx_word' id='word_1_411' title='bbox 1362 2716 1398 2745; x_wconf 86' lang='lat' dir='ltr'>ct</span> <span class='ocrx_word' id='word_1_412' title='bbox 1423 2714 1492 2744; x_wconf 89' lang='lat' dir='ltr'>GM</span> <span class='ocrx_word' id='word_1_413' title='bbox 1586 2709 1741 2752; x_wconf 46' lang='lat' dir='ltr'>scissor⁴</span> 
     </span>
     <span class='ocr_line' id='line_1_43' title="bbox 136 2756 1742 2808; baseline -0.007 -9"><span class='ocrx_word' id='word_1_414' title='bbox 136 2779 204 2799; x_wconf 86' lang='lat' dir='ltr'>uus</span> <span class='ocrx_word' id='word_1_415' title='bbox 230 2769 256 2799; x_wconf 93' lang='lat' dir='ltr'>G</span> <span class='ocrx_word' id='word_1_416' title='bbox 350 2769 389 2799; x_wconf 78' lang='lat'>21</span> <span class='ocrx_word' id='word_1_417' title='bbox 418 2769 668 2808; x_wconf 69' lang='lat' dir='ltr'>interrogaret</span> <span class='ocrx_word' id='word_1_418' title='bbox 694 2767 763 2796; x_wconf 92' lang='lat' dir='ltr'>GM</span> <span class='ocrx_word' id='word_1_419' title='bbox 859 2774 905 2795; x_wconf 86' lang='lat' dir='ltr'>an</span> <span class='ocrx_word' id='word_1_420' title='bbox 931 2775 992 2796; x_wconf 81' lang='lat' dir='ltr'>om.</span> <span class='ocrx_word' id='word_1_421' title='bbox 1018 2763 1058 2794; x_wconf 72' lang='lat' dir='ltr'>A*</span> <span class='ocrx_word' id='word_1_422' title='bbox 1162 2763 1204 2793; x_wconf 89' lang='grc'>22</span> <span class='ocrx_word' id='word_1_423' title='bbox 1232 2760 1373 2792; x_wconf 85' lang='lat' dir='ltr'>domum</span> <span class='ocrx_word' id='word_1_424' title='bbox 1399 2776 1442 2780; x_wconf 81' lang='lat'>-—</span> <span class='ocrx_word' id='word_1_425' title='bbox 1468 2756 1657 2799; x_wconf 81' lang='lat' dir='ltr'>explicant</span> <span class='ocrx_word' id='word_1_426' title='bbox 1681 2767 1742 2788; x_wconf 83' lang='lat' dir='ltr'>om.</span> 
     </span>
     <span class='ocr_line' id='line_1_44' title="bbox 139 2801 1742 2855; baseline -0.007 -11"><span class='ocrx_word' id='word_1_427' title='bbox 139 2815 165 2843; x_wconf 89' lang='lat' dir='ltr'>G</span> <span class='ocrx_word' id='word_1_428' title='bbox 190 2826 244 2854; x_wconf 72' lang='lat' dir='ltr'>pr.</span> <span class='ocrx_word' id='word_1_429' title='bbox 271 2825 309 2845; x_wconf 82' lang='lat' dir='ltr'>m.</span> <span class='ocrx_word' id='word_1_430' title='bbox 428 2807 600 2855; x_wconf 76' lang='lat' dir='ltr'>deprensi</span> <span class='ocrx_word' id='word_1_431' title='bbox 625 2813 671 2842; x_wconf 91' lang='lat' dir='ltr'>A:</span> <span class='ocrx_word' id='word_1_432' title='bbox 700 2809 921 2853; x_wconf 82' lang='lat' dir='ltr'>deprehensi</span> <span class='ocrx_word' id='word_1_433' title='bbox 946 2810 1043 2839; x_wconf 89' lang='lat' dir='ltr'>GSM</span> <span class='ocrx_word' id='word_1_434' title='bbox 1160 2806 1295 2849; x_wconf 84' lang='lat' dir='ltr'>pudore</span> <span class='ocrx_word' id='word_1_435' title='bbox 1322 2805 1349 2835; x_wconf 88' lang='lat' dir='ltr'>G</span> <span class='ocrx_word' id='word_1_436' title='bbox 1488 2805 1530 2836; x_wconf 81' lang='lat'>‘23</span> <span class='ocrx_word' id='word_1_437' title='bbox 1557 2801 1676 2844; x_wconf 80' lang='lat' dir='ltr'>aliquo</span> <span class='ocrx_word' id='word_1_438' title='bbox 1701 2802 1742 2842; x_wconf 92' lang='lat' dir='ltr'>A,</span> 
     </span>
     <span class='ocr_line' id='line_1_45' title="bbox 138 2849 1743 2899; baseline -0.007 -10"><span class='ocrx_word' id='word_1_439' title='bbox 138 2858 286 2899; x_wconf 69' lang='lat' dir='ltr'>alioque</span> <span class='ocrx_word' id='word_1_440' title='bbox 322 2859 391 2889; x_wconf 90' lang='lat' dir='ltr'>GM</span> <span class='ocrx_word' id='word_1_441' title='bbox 531 2860 574 2890; x_wconf 73' lang='lat'>‘25</span> <span class='ocrx_word' id='word_1_442' title='bbox 606 2858 743 2889; x_wconf 80' lang='lat' dir='ltr'>femore</span> <span class='ocrx_word' id='word_1_443' title='bbox 775 2857 811 2887; x_wconf 95' lang='lat' dir='ltr'>M</span> <span class='ocrx_word' id='word_1_444' title='bbox 961 2854 1134 2896; x_wconf 81' lang='lat' dir='ltr'>oportuit.</span> <span class='ocrx_word' id='word_1_445' title='bbox 1184 2849 1419 2883; x_wconf 83' lang='lat' dir='ltr'>contumeliis</span> <span class='ocrx_word' id='word_1_446' title='bbox 1451 2849 1602 2880; x_wconf 69' lang='lat' dir='ltr'>Badias:</span> <span class='ocrx_word' id='word_1_447' title='bbox 1640 2857 1743 2889; x_wconf 88' lang='lat' dir='ltr'>opor-</span> 
     </span>
     <span class='ocr_line' id='line_1_46' title="bbox 140 2892 1743 2946; baseline -0.006 -13"><span class='ocrx_word' id='word_1_448' title='bbox 140 2904 304 2936; x_wconf 77' lang='lat' dir='ltr'>tuitumis</span> <span class='ocrx_word' id='word_1_449' title='bbox 323 2904 398 2944; x_wconf 91' lang='lat' dir='ltr'>AG,</span> <span class='ocrx_word' id='word_1_450' title='bbox 425 2903 639 2946; x_wconf 79' lang='lat' dir='ltr'>oportumiis</span> <span class='ocrx_word' id='word_1_451' title='bbox 666 2904 696 2934; x_wconf 85' lang='lat' dir='ltr'>is</span> <span class='ocrx_word' id='word_1_452' title='bbox 714 2903 745 2943; x_wconf 89' lang='lat' dir='ltr'>S,</span> <span class='ocrx_word' id='word_1_453' title='bbox 775 2900 946 2943; x_wconf 88' lang='lat' dir='ltr'>oportuit.</span> <span class='ocrx_word' id='word_1_454' title='bbox 974 2901 1009 2932; x_wconf 90' lang='lat' dir='ltr'>Is</span> <span class='ocrx_word' id='word_1_455' title='bbox 1027 2901 1074 2941; x_wconf 89' lang='lat' dir='ltr'>M,</span> <span class='ocrx_word' id='word_1_456' title='bbox 1101 2897 1274 2940; x_wconf 84' lang='lat' dir='ltr'>oportuit.</span> <span class='ocrx_word' id='word_1_457' title='bbox 1301 2895 1479 2928; x_wconf 85' lang='lat' dir='ltr'>conuiciis</span> <span class='ocrx_word' id='word_1_458' title='bbox 1505 2892 1588 2935; x_wconf 77' lang='lat' dir='ltr'>(uel)</span> <span class='ocrx_word' id='word_1_459' title='bbox 1614 2892 1743 2934; x_wconf 71' lang='lat' dir='ltr'>imglis</span> 
     </span>
     <span class='ocr_line' id='line_1_47' title="bbox 141 2949 263 2991; baseline 0 -11"><span class='ocrx_word' id='word_1_460' title='bbox 141 2949 263 2991; x_wconf 68' lang='lat' dir='ltr'>lr’effl&#39;us</span> 
     </span>
    </p>
   </div>
   <div class='ocr_carea' id='block_1_5' title="bbox 1827 0 1939 3180">
    <p class='ocr_par' dir='ltr' id='par_1_13' title="bbox 1827 0 1939 3180">
     <span class='ocr_line' id='line_1_48' title="bbox 1827 0 1939 3180; baseline 0 0"><span class='ocrx_word' id='word_1_461' title='bbox 1827 0 1939 3180; x_wconf 95' lang='lat' dir='ltr'> </span> 
     </span>
    </p>
   </div>
  </div>
 </body>
</html>
