1955 3228
97 835 128 858 10

96 1507 128 1529 20

793 113 822 142 1.
875 110 915 154 3,
946 110 1077 140 4—-18,
1674 99 1726 138 21

146 219 215 260 uel
234 218 414 259 maxime
435 216 670 269 formanda,
695 229 791 256 cum
811 213 1038 254 simulandi
1062 213 1205 253 nescia
1229 214 1293 253 est
1309 215 1351 253 et
1366 210 1725 267 praecipientibus
1758 222 1763 225 ·

145 286 347 328 facillime
380 284 510 326 cedit:
541 284 717 337 frangas
749 281 862 322 enim
893 280 1015 321 citius
1047 295 1172 334 quam
1203 280 1391 334 corrigas
1422 293 1528 334 quae
1557 278 1603 319 in
1632 292 1726 332 pra-

147 369 247 394 uum
276 352 571 394 induruerunt.
634 349 827 403 protinus
859 362 982 402 ergo,
1021 361 1075 388 ne
1106 347 1205 401 quid
1237 347 1407 401 cupide,
1449 361 1501 387 ne
1533 345 1632 400 quid
1661 345 1725 385 in-
1744 341 1793 380 13

146 421 290 475 probe,
322 434 377 460 ne
408 418 506 473 quid
536 418 780 471 inpotenter
799 415 945 468 faciat,
981 414 1216 455 monendus
1239 416 1301 455 est
1322 428 1436 467 puer,
1468 412 1726 454 habendum—

146 502 226 542 que
263 488 308 528 in
347 487 489 535 animo
529 498 692 539 semper
728 483 833 524 illud
870 481 1188 536 Vergilianum:
1254 482 1378 522 adeo
1426 481 1480 521 in
1526 480 1726 521 teneris

148 568 499 596 consuescere
529 552 744 593 multum
775 552 869 591 est.
1324 586 1327 587 γ

259 621 387 664 Caedi
417 635 517 662 uero
548 618 763 671 discentis,
797 616 1030 671 quamlibet
1059 618 1276 670 receptum
1308 615 1363 656 sit
1394 617 1435 656 et
1467 614 1726 668 Chrysippus
1743 614 1795 654 14

146 705 233 731 non
263 689 473 744 inprobet,
505 687 679 728 minime
710 685 850 738 uelim,
884 684 1067 738 primum
1096 683 1194 737 quia
1217 683 1404 723 deforme
1427 684 1553 735 atque
1575 681 1726 721 seruile

147 760 211 798 est
232 759 274 798 et
303 758 429 809 certe,
462 755 571 810 quod
594 753 806 806 conuenit,
840 752 875 792 si
897 753 1080 792 aetatem
1101 752 1251 803 mutes,
1284 749 1439 790 iniuria
1462 751 1545 789 est:
1578 748 1727 789 deinde

147 825 268 880 quod,
300 825 336 865 si
368 823 434 864 cui
463 824 552 862 tam
585 823 648 862 est
677 835 796 861 mens
827 818 1077 871 inliberalis,
1118 820 1165 858 ut
1196 816 1491 871 obiurgatione
1523 830 1610 856 non
1642 830 1728 856 cor-

145 892 324 946 rigatur,
365 891 401 931 is
432 890 559 930 etiam
592 888 644 929 ad
675 888 824 943 plagas
854 888 901 927 ut
929 886 1111 940 pessima
1143 899 1332 939 quaeque
1362 883 1576 937 mancipia
1607 883 1727 924 dura-

145 959 279 1000 bitur:
317 960 530 1012 postremo
561 955 670 1010 quod
700 970 754 996 ne
784 968 888 1009 opus
919 954 999 994 erit
1029 953 1197 1007 quidem
1228 951 1307 992 hac
1349 950 1650 1005 castigatione,
1691 951 1725 990 si

147 1026 344 1067 adsiduus
384 1024 616 1066 studiorum
657 1024 826 1064 exactor
864 1020 1089 1062 adstiterit.
1156 1033 1271 1060 nunc
1316 1018 1406 1059 fere
1452 1018 1726 1072 neglegentia
1743 1014 1792 1055 15

146 1093 489 1148 paedagogorum
520 1091 579 1131 sic
612 1090 825 1131 emendari
857 1089 1043 1141 uidetur,
1084 1089 1131 1128 ut
1169 1087 1287 1141 pueri
1327 1101 1411 1127 non
1449 1086 1589 1126 facere
1620 1100 1725 1139 quae

111 1170 126 1193 5
145 1163 261 1202 recta
293 1162 393 1201 sunt
424 1160 652 1214 cogantur,
694 1157 765 1198 sed
804 1170 876 1197 cur
906 1170 992 1196 11011
1023 1154 1205 1196 fecerint
1242 1154 1488 1208 puniantur.
1547 1152 1726 1206 denique

147 1243 241 1270 cum
270 1227 495 1282 paruulum
524 1225 769 1266 uerberibus
802 1223 1013 1278 coegeris,
1052 1222 1152 1276 quid
1180 1222 1325 1262 iuueni
1356 1221 1510 1273 facias,
1553 1220 1617 1260 cui
1647 1233 1725 1259 nec

147 1295 336 1336 adhiberi
367 1296 507 1348 potest
536 1293 606 1334 hic
636 1294 771 1333 metus
803 1293 845 1332 et
875 1291 1035 1331 maiora
1066 1289 1264 1330 discenda
1296 1288 1425 1329 sunt?
1483 1287 1586 1328 adde
1617 1284 1792 1340 (11101116

145 1363 279 1403 multa
316 1360 617 1416 uapulantibus
656 1360 770 1400 dictu
808 1358 1012 1399 deformia
1057 1359 1099 1398 et
1136 1371 1232 1397 mox
1269 1355 1546 1397 uerecundiae
1582 1354 1726 1394 futura

146 1445 270 1484 saepe
302 1429 442 1490 dolore
472 1428 539 1469 uel
570 1430 684 1468 metu
715 1427 973 1479 acciderunt,
1007 1425 1078 1479 qui
1108 1424 1242 1478 pudor
1271 1424 1436 1477 frangit
1467 1422 1654 1462 animum
1685 1423 1726 1461 et

147 1497 280 1538 abicit
311 1499 435 1550 atque
465 1495 598 1549 ipsius
628 1494 734 1535 lucis
763 1494 913 1548 fugam
941 1494 983 1533 et
1012 1492 1199 1532 taedium
1231 1491 1377 1532 dictat.
1430 1491 1513 1531 iam
1535 1487 1791 1530 511111110117

103 1583 108 1589 ·
147 1565 192 1606 in
224 1564 430 1619 eligendis
463 1563 683 1604 custodum
714 1562 781 1602 uel
802 1561 1123 1615 praeceptorum
1144 1558 1329 1599 moribus
1349 1557 1432 1598 fuit
1455 1571 1566 1609 cura,
1598 1556 1727 1610 pudet

147 1632 300 1685 dicere,
332 1632 378 1672 in
409 1645 516 1685 quae
546 1630 701 1684 probra
733 1628 909 1670 nefandi
940 1627 1130 1667 homines
1161 1626 1242 1666 isto
1276 1625 1474 1666 caedendi
1507 1624 1595 1664 iure
1615 1624 1725 1663 ¹abu-

145 1701 306 1752 tantur,
340 1713 464 1752 quam
495 1698 566 1738 det
597 1697 689 1738 aliis
721 1709 884 1750 quoque
914 1708 1231 1747 nonnumquam
1263 1692 1527 1733 occasionem
1557 1690 1626 1731 hic
1651 1691 1725 1730 mi-

146 1781 334 1808 serorum
364 1768 514 1806 metus.
573 1779 660 1806 non
697 1763 893 1804 morabor
930 1762 975 1802 in
1013 1763 1133 1815 parte
1172 1760 1271 1800 hac:
1311 1759 1488 1800 nimium
1526 1758 1726 1811 estquod

96 1833 428 1888 2-3intellegitur.
486 1846 614 1886 quare
652 1831 731 1872 hoc
772 1831 926 1871 dixisse
965 1829 1066 1869 satis
1100 1830 1182 1868 est:
1223 1827 1267 1867 in
1300 1828 1484 1867 aetatem
1515 1826 1725 1866 infirmam

148 1904 189 1943 et
219 1901 400 1942 iniuriae
431 1900 658 1941 obnoxiam
689 1898 851 1939 nemini
881 1898 1006 1938 debet
1036 1896 1214 1936 nimium
1245 1895 1384 1935 licere.
1438 1907 1551 1934 nunc
1577 1892 1725 1946 quibus
1743 1888 1791 1927 18

146 1969 433 2010 instituendus
465 1968 520 2008 sit
550 1968 711 2008 artibus
743 1965 813 2020 (1111
845 1965 905 2005 sic
935 1963 1198 2015 formabitur,
1233 1965 1279 2002 ut
1306 1961 1396 2001 fieri
1418 1961 1552 2014 possit
1573 1962 1724 2011 orator,

147 2039 189 2078 et
219 2051 325 2091 quae
355 2036 401 2076 in
431 2049 594 2089 quaque
626 2035 765 2074 aetate
795 2031 1049 2084 inchoanda,
1083 2030 1219 2071 dicere
1250 2028 1478 2083 ingrediar.
1707 2033 1725 2043 “

237 2152 256 2183 5
284 2150 411 2192 Georg.
437 2152 467 2188 2,
493 2152 568 2183 272.

236 2254 255 2283 2
282 2253 429 2293 frangas
447 2251 613 2292 (frangm
633 2252 650 2281 1
664 2249 717 2289 m.)
736 2249 764 2280 A
856 2250 875 2280 3
894 2258 938 2278 ne
959 2246 1043 2288 quid
1060 2246 1210 2288 inprobe
1230 2256 1290 2277 om.
1310 2245 1338 2275 A
1357 2246 1374 2274 Ι
1391 2256 1429 2275 m.
1525 2246 1543 2274 5
1563 2242 1724 2282 uirgilia-

147 2307 230 2328 num
255 2298 323 2328 ΒΜ
416 2298 433 2328 7
461 2296 564 2326 caedi
590 2296 618 2326 A
642 2296 704 2327 sed
729 2295 740 2325 i
764 2295 797 2325 in
822 2303 892 2325 ras,
919 2294 992 2323 mu:
1086 2291 1262 2322 d1seentis
1280 2291 1323 2320 B:
1351 2290 1534 2320 discentes
1547 2289 1591 2319 M.
1619 2288 1723 2317 ‹ilis-ci<

148 2343 252 2384 pulos
278 2343 347 2382 Ab,
375 2340 564 2382 discipulis
590 2342 609 2371 S
703 2337 899 2380 quamlibet
926 2338 1058 2378 Zumpt:
1087 2335 1287 2376 quamlibet
1315 2338 1345 2364 et
1370 2335 1433 2374 Ab,
1463 2333 1661 2374 quamlibet
1688 2331 1723 2361 id

149 2389 187 2427 Β,
214 2386 486 2427 quantumlibet
511 2385 547 2416 id
564 2386 598 2415 M
675 2386 695 2416 8
721 2388 829 2425 atque
847 2384 885 2420 A,
914 2382 1031 2423 adque
1057 2382 1121 2421 Bg,
1149 2392 1191 2412 ac
1216 2381 1250 2410 Μ
1328 2382 1347 2410 9
1375 2383 1473 2409 certe
1500 2389 1558 2409 om,
1584 2377 1680 2407 Voss.
1702 2378 1722 2405 3

148 2433 314 2474 probante
341 2431 556 2473 Spalclz'nffl'o,
590 2431 642 2460 eui
667 2433 723 2461 aut
751 2431 850 2459 certe
882 2432 939 2459 aut
965 2426 1057 2467 1111011
1083 2426 1256 2457 conuenit
1280 2433 1565 2465 superum-‹cnewn
1590 2421 1722 2451 aizleim-

245 2477 377 2508 iniuria
403 2479 419 2508 ὁ
445 2486 521 2506 nos:
549 2475 706 2506 iniuriae
732 2474 833 2512 ABs,
861 2470 993 2504 iniuria
1014 2472 1059 2509 M,
1086 2471 1221 2502 iniuria
1247 2471 1289 2501 al.
1431 2471 1468 2498 10
1494 2468 1587 2508 11110ιί
1610 2467 1640 2495 si
1664 2465 1719 2495 eui

148 2527 221 2553 tam
249 2525 304 2553 est
329 2522 358 2552 A
475 2522 514 2551 12
546 2529 613 2550 nec
641 2528 728 2560 opus
754 2521 779 2549 Τ
896 2520 936 2549 13
963 2515 1359 2548 assiduus—‚astiterit
1384 2514 1412 2543 A
1516 2521 1609 2541 nunc
1638 2519 1721 2539 uero

148 2568 230 2598 dell.
340 2568 380 2598 15
407 2576 470 2597 cur
487 2565 636 2596 ABMS:
665 2563 757 2605 quod
775 2565 860 2596 coni,
881 2563 1074 2597 Plzilander,
1102 2571 1178 2592 011111
1199 2561 1324 2591 Aldus:
1352 2558 1530 2589 Ger-nlmml
1553 2557 1722 2586 lectionem

149 2613 307 2644 librorum
329 2612 478 2650 firmauit
504 2611 576 2641 coll.
604 2610 728 2641 Horat.
756 2608 822 2648 Ep.
851 2610 881 2643 1,
908 2610 940 2642 5,
967 2610 985 2637 1)
1012 2612 1043 2638 et
1069 2607 1155 2637 Plin.
1181 2616 1233 2645 ep.
1263 2606 1293 2635 3.
1321 2607 1350 2637 5,
1379 2604 1436 2635 lli,·
1462 2602 1502 2632 tle
1529 2611 1585 2631 vsu
1611 2604 1722 2640 poste-

147 2658 271 2689 riorum
297 2657 341 2695 cf.
370 2657 510 2687 indicem
537 2659 683 2686 nostrum
708 2654 754 2685 ml
778 2653 956 2694 Sulpicium
983 2652 1059 2682 Seu.
1085 2663 1119 2692 p.
1146 2651 1212 2680 274
1327 2648 1491 2677 fecerunt
1516 2647 1567 2684 Bg
1684 2645 1722 2674 17

149 2700 255 2743 quod]
285 2711 354 2742 quo
379 2701 431 2740 Bg
443 2701 479 2739 T,
506 2696 575 2740 qua
596 2700 616 2730 b
734 2699 773 2729 19
800 2697 971 2728 accidunt
997 2698 1076 2727 dett.
1102 2695 1203 2735 pauci
1316 2691 1451 2731 frangit
1473 2691 1517 2720 A:
1545 2689 1725 2729 refrangit

149 2747 262 2786 BMS,
289 2746 460 2787 refringit
486 2745 607 2784 Hessius
700 2744 740 2773 21
769 2741 945 2783 eligendis
971 2741 1054 2771 BM:
1081 2738 1285 2779 deligendis
1310 2738 1394 2768 ASb
1501 2734 1559 2766 uel
1585 2734 1659 2764 Ab:
1687 2736 1722 2764 et

148 2792 227 2830 ΒΜ,
254 2791 313 2822 1101
340 2794 376 2821 et
400 2793 420 2821 S
512 2791 554 2820 24
574 2787 739 2819 morabor
763 2788 904 2818 AMSb:
933 2795 1078 2816 moneor
1102 2785 1127 2814 B
1220 2784 1262 2813 25
1288 2782 1459 2813 infirmam
1477 2781 1506 2811 A
1597 2780 1640 2809 2ss
1665 2778 1723 2809 (le-

148 2836 234 2867 bere
262 2835 427 2876 Spaldiny
453 2845 497 2866 em
522 2835 607 2866 coni.
636 2833 757 2865 Badii,-
783 2837 818 2862 at
842 2832 886 2871 ef.
917 2832 1033 2869 Zumpt
1064 2830 1103 2863 V,
1130 2830 1173 2858 22
1199 2829 1250 2858 etl.
1279 2826 1396 2866 Spald.
1516 2826 1556 2856 27
1584 2824 1722 2854 artibus

149 2881 272 2911 ABM:
300 2880 441 2911 artibus
467 2889 555 2920 puer
580 2879 646 2916 Sb3
674 2879 705 2908 in
730 2877 758 2907 A
783 2881 860 2916 post
886 2876 1024 2905 artibus·
1049 2883 1187 2914 paruam
1212 2873 1354 2913 spatium
1380 2881 1515 2901 maenum
1541 2874 1590 2900 esc
1682 2870 1724 2898 'fis

151 2925 346 2966 adgrediar
369 2926 412 2963 L3
437 2925 588 2966 sequitur
612 2924 643 2954 in
669 2922 763 2953 libris
789 2922 920 2952 titulus.-
946 2920 999 2950 De
1027 2918 1267 2960 grammatica
1293 2916 1364 2956 (-ce
1390 2915 1432 2957 A)
