1955 3228
786 152 832 180 11.
883 148 936 192 16,
960 147 1107 177 2—17.
1657 131 1735 172 105

157 268 268 309 uaga
297 254 371 294 illa
401 253 626 294 multitudo
659 253 789 293 coiret
819 252 859 292 in
893 251 1084 304 populos,
1118 249 1196 290 nisi
1231 249 1353 290 docta
1385 261 1485 288 uoce
1508 247 1735 287 commota:

156 336 235 362 nee
266 322 407 375 legum
434 320 674 375 ‘repertores
705 320 795 360 sine
827 333 988 358 summa
1027 318 1069 357 ui
1108 317 1253 357 orandi
1299 316 1564 366 consecutos,
1608 314 1652 353 ut
1693 327 1735 352 se

155 389 237 443 ipsi
267 388 459 429 homines
492 388 542 428 ad
574 389 820 428 seruitutem
851 385 954 425 iuris
987 385 1314 438 adstringerent.
1367 382 1469 436 quin
1498 382 1591 434 ipsa
1622 380 1734 420 uitae
1753 380 1804 419 10

155 458 396 510 praecepta,
431 456 596 496 etiamsi
625 456 780 494 natura
811 454 910 493 sunt
940 451 1130 503 honesta,
1172 451 1266 504 plus
1298 453 1440 491 tamen
1472 449 1523 489 ad
1553 448 1737 488 forman-

121 538 137 561 5
156 524 229 564 das
260 525 422 564 mentes
452 522 618 574 ualent,
661 520 853 576 quotiens
891 518 1246 573 pulchritudinem
1278 532 1416 557 rerum
1449 516 1617 557 claritas
1649 529 1737 555 ora-

152 591 284 632 tionis
323 590 566 631 inluminat.
637 603 784 643 quare,
829 587 994 628 etiamsi
1035 586 1079 626 in
1124 588 1344 638 utramque
1391 585 1554 637 partem
1594 582 1739 622 ualent

156 673 273 699 arma
303 658 550 711 facundiae,
593 671 678 697 non
717 658 781 696 est
821 657 960 695 tamen
996 668 1141 694 aecum
1172 653 1213 693 id
1252 652 1397 692 haberi
1436 651 1616 702 malum,
1658 664 1739 703 quo

156 727 263 767 bene
294 726 353 766 uti
385 726 498 766 licet.

275 793 430 834 Verum
461 794 566 833 haec
598 793 707 846 apud
730 805 798 831 eos
819 790 998 831 forsitan
1021 790 1293 843 quaerantur,
1327 786 1396 840 qui
1418 785 1736 826 summam'rhe-
1758 788 1799 827 11

108 876 138 900 10
156 861 308 902 torices
340 861 391 901 ad
422 859 701 914 persuadendi
733 859 819 899 uim
849 857 1117 898 rettulerunt.
1169 855 1203 895 si
1234 869 1333 895 uero
1363 855 1426 894 est
1446 853 1553 893 bene
1575 852 1739 893 dicendi

158 928 350 981 scientia,
392 942 513 981 quem
547 942 623 967 nos
653 927 782 967 finem
813 925 1047 979 sequimur,
1089 925 1136 963 ut
1166 922 1221 963 sit
1251 924 1392 962 orator
1422 921 1466 961 in
1498 920 1645 974 primis
1676 913 1740 959 uir

157 996 313 1047 bonus,
353 995 500 1035 utilem
532 996 644 1035 certe
677 1008 765 1034 esse
797 1007 888 1033 ean]
922 991 1204 1032 confitendum
1237 992 1311 1030 est.
1370 991 1412 1029 et
1441 988 1609 1029 hercule
1641 988 1807 1029 deus12

156 1063 226 1104 ille
264 1063 462 1117 princeps
506 1061 691 1118 [parens]
731 1075 868 1101 rerun:
912 1059 1224 1111 fabricatorque
1266 1056 1411 1097 mundi
1450 1056 1565 1096 nullo
1604 1055 1740 1109 magis

157 1131 372 1171 hominem
403 1130 617 1183 separauit
648 1144 671 1169 a
703 1127 868 1179 ceteris,
902 1141 1007 1181 quae
1039 1125 1205 1180 quidem
1238 1124 1434 1164 mortalia
1465 1125 1619 1175 essent,
1653 1123 1739 1163 ani-

108 1213 139 1237 15
157 1198 337 1239 malibus
369 1212 493 1252 quam
525 1196 690 1237 dicendi
722 1195 940 1236 facultate.
994 1208 1093 1234 nam
1125 1207 1299 1246 corpora
1330 1191 1495 1245 quidem
1527 1190 1740 1244 magnitu-
1760 1193 1808 1232 13

158 1266 269 1318 dine,
302 1265 477 1318 uiribus,
510 1265 725 1317 firmitate,
758 1262 980 1317 patientia,
1014 1261 1238 1302 uelocitate
1260 1258 1571 1313 praestantiora
1593 1258 1637 1298 in
1660 1257 1742 1298 illis

157 1333 285 1374 mutis
316 1333 530 1385 uidemus,
572 1332 717 1372 eadem
747 1331 888 1371 minus
920 1343 1043 1384 egere
1076 1327 1309 1382 adquisitae
1342 1326 1601 1367 extrinsecus
1631 1325 1741 1379 opis:

157 1416 257 1441 nam
290 1396 331 1441 et
360 1400 527 1454 ingredi
567 1399 690 1440 citius
730 1401 771 1440 et
800 1398 915 1453 pasci
949 1400 990 1438 et
1019 1399 1190 1437 tranare
1223 1409 1352 1449 aquas
1384 1395 1491 1435 citra
1523 1394 1742 1434 docentem

158 1471 314 1509 natura
344 1468 436 1522 ipsa
469 1468 620 1508 sciunt.
683 1469 724 1507 et
763 1466 962 1520 pleraque
1003 1466 1151 1504 contra
1188 1463 1325 1517 frigus
1367 1476 1415 1502 ex
1455 1475 1529 1502 suo
1570 1463 1810 1514 corporel4

108 1552 140 1576 20
158 1536 400 1577 uestiuntur
430 1538 472 1576 et
503 1550 619 1575 arma
649 1535 700 1576 iis
730 1533 924 1588 ingenita
956 1532 1159 1586 quaedam
1193 1533 1234 1570 et
1264 1544 1313 1570 ex
1335 1529 1458 1570 obuio
1480 1528 1566 1569 fere
1589 1528 1740 1580 uictus,

161 1604 271 1645 circa
301 1617 406 1657 quae
437 1604 579 1644 omnia
610 1602 767 1643 multus
798 1600 1039 1641 hominibus
1069 1599 1188 1639 labor
1228 1600 1302 1638 est.
1363 1597 1570 1637 rationem
1612 1595 1743 1650 igitur

158 1672 281 1712 nobis
311 1671 582 1725 praecipuam
621 1669 736 1710 dedit
767 1669 936 1722 eiusque
967 1681 1043 1707 nos
1075 1667 1207 1707 socios
1240 1679 1328 1706 esse
1360 1679 1452 1705 cum
1484 1664 1546 1704 dis
1577 1663 1743 1703 immor-

158 1739 315 1779 talibus
345 1738 492 1779 uoluit.
545 1737 615 1778 sed
647 1738 739 1791 ipsa
770 1736 879 1777 ratio
910 1749 1044 1788 neque
1074 1736 1163 1774 tam
1195 1747 1270 1773 nos
1303 1732 1468 1772 iuuaret
1488 1746 1624 1785 neque
1655 1733 1743 1770 tam
1762 1732 1811 1773 15

160 1808 269 1847 esset
299 1806 343 1846 in
374 1806 496 1846 nobis
518 1805 758 1857 manifesta,
792 1804 872 1844 nisi
902 1817 1008 1856 quae
1032 1801 1368 1854 concepissemus
1391 1802 1531 1840 mente
1554 1812 1743 1852 promere

109 1889 141 1914 25
161 1874 287 1915 etiam
318 1873 525 1928 loquendo
557 1887 784 1927 possemus,
825 1870 933 1925 quod
965 1869 1102 1923 magis
1134 1869 1276 1908 deesse
1309 1868 1457 1908 ceteris
1490 1866 1743 1906 animalibus

160 1957 285 1996 quam
328 1941 592 1982 intellectum
632 1943 674 1980 et
713 1938 1015 1994 cogitat-ionem
1047 1936 1258 1990 quandam
1298 1935 1501 1975 uidemus.
1563 1948 1663 1974 nam
1705 1934 1744 1973 et
1763 1936 1812 1976 16

160 2009 322 2050 mollire
365 2008 519 2049 cubilia
558 2011 600 2048 et
637 2008 757 2048 nidos
796 2008 937 2047 texere
977 2007 1019 2045 et
1063 2004 1239 2044 educare
1277 2002 1388 2043 fetus
1429 2004 1470 2042 et
1509 2001 1742 2053 excludere,

161 2078 261 2132 quin
294 2078 420 2118 etiam
451 2090 655 2130 reponere
687 2075 730 2115 in
763 2073 945 2114 hiemem
977 2072 1193 2122 alimenta,
1228 2085 1354 2124 opera
1386 2070 1592 2123 quaedam
1624 2054 1763 2109 nobisx

160 2144 455 2197 inimitabilia,
497 2143 638 2197 qualia
670 2145 769 2183 sunt
801 2155 990 2182 cerarum
1023 2154 1070 2180 ac
1102 2138 1257 2190 mellis,
1302 2138 1469 2178 efficere
1500 2136 1745 2177 nonnullius

110 2227 142 2251 30
160 2212 340 2253 fortasse
372 2211 550 2252 rationis
583 2212 666 2263 est,
710 2209 778 2250 sed
813 2209 910 2263 quia
943 2211 1089 2249 carent
1120 2220 1324 2257 sermone,
1358 2219 1464 2259 quae
1495 2205 1535 2244 id
1567 2204 1742 2255 faciunt,

160 2282 278 2320 muta
310 2281 434 2333 atque
466 2278 741 2319 inrationalia
773 2278 991 2317 uocantur.
1045 2275 1224 2328 denique
1255 2273 1461 2323 homines,
1496 2272 1645 2325 quibus
1677 2285 1743 2311 ne—
1764 2275 1811 2314 11³

162 2349 263 2402 gata
292 2361 373 2387 uox
405 2348 480 2398 est,
514 2345 764 2400 quantulum
798 2344 971 2384 adiuuat
1003 2342 1168 2382 animus
1198 2340 1269 2381 ille
1300 2339 1522 2380 caelestis?
1562 2352 1689 2391 quare
1712 2338 1745 2377 si

161 2413 269 2454 nihil
303 2428 326 2453 a
357 2414 419 2453 dis
451 2413 641 2453 oratione
672 2412 822 2452 melius
854 2411 1113 2463 accepimus,
1153 2408 1250 2462 quid
1290 2411 1378 2448 tam
1417 2407 1591 2460 dignum
1632 2405 1745 2445 cultu

253 2565 271 2594 ἱ)
298 2564 330 2594 ιιὶ
354 2562 479 2594 orandi
505 2563 533 2592 A
637 2564 656 2592 3
684 2560 729 2591 ad
756 2570 794 2591 se
821 2557 991 2590 uirtutem
1018 2559 1081 2598 Bg,
1110 2557 1152 2588 ad
1180 2557 1414 2587 seueritatem
1442 2556 1493 2585 ed.
1523 2556 1633 2593 (kzmp,
1729 2554 1747 2583 4

163 2609 372 2640 formandas
397 2609 435 2647 A,
460 2609 522 2638 sed
547 2617 565 2637 o
591 2608 624 2637 in
649 2617 719 2637 ras.
815 2607 832 2636 7
860 2608 915 2635 est
941 2608 1062 2635 tamen
1088 2604 1133 2633 A:
1161 2605 1282 2631 tamon
1311 2605 1362 2630 est
1388 2600 1412 2629 B
1523 2609 1646 2629 aecum
1673 2598 1747 2628 AB:

164 2663 316 2694 aequum
344 2655 364 2684 b
458 2654 493 2684 id
516 2651 638 2683 haberi
663 2652 692 2681 A
797 2652 837 2681 10
863 2649 1061 2679 retulerunt
1085 2648 1141 2681 Βς
1251 2648 1287 2675 11
1315 2655 1376 2675 nos
1403 2645 1474 2674 Ab:
1501 2654 1560 2674 om.
1587 2644 1612 2673 B
1708 2645 1746 2673 13

162 2699 221 2729 ille
250 2709 375 2739 parens
400 2708 515 2729 rerum
535 2699 563 2728 A
590 2698 711 2728 (arens
737 2706 775 2726 m.
791 2694 844 2732 2);
871 2704 930 2725 nos
955 2703 1087 2734 parens
1113 2696 1147 2722 at
1170 2694 1332 2732 yles-sema
1351 2691 1537 2719 imolas-imus
1632 2690 1671 2718 14
1691 2698 1746 2718 ce-

163 2745 322 2783 terisque
339 2743 379 2774 A¹
476 2744 515 2774 17
545 2741 741 2781 eademque
771 2740 936 2773 Gallaeux,
964 2740 1088 2769 eadem
1117 2747 1159 2766 1n.
1187 2740 1295 2775 egent
1320 2735 1385 2774 (nel
1411 2743 1527 2774 eaque
1554 2743 1597 2763 m.
1625 2732 1747 2771 cgerel

163 2789 305 2820 malebat
331 2789 496 2828 Spalding]
592 2787 630 2817 18
656 2790 798 2816 tranare
826 2788 863 2820 [n
889 2794 976 2814 eor-r.
1008 2794 1052 2813 eir
1078 2782 1112 2812 hl
1139 2783 1166 2810 A
1258 2783 1301 2811 20
1328 2789 1426 2809 arma
1454 2779 1508 2808 his
1533 2779 1572 2814 A,
1601 2778 1746 2808 armisB

211 2837 245 2864 et
271 2846 330 2864 (me.
348 2834 388 2863 A'
484 2834 525 2863 '22
553 2833 699 2871 eiusque
728 2840 789 2859 nos
817 2840 843 2860 s.
872 2839 951 2859 esse
981 2838 1057 2858 cum
1085 2827 1154 2856 (liis
1182 2824 1452 2855 imortalibusA
1471 2825 1539 2853 7102
1566 2824 1597 2853 in
1624 2834 1747 2853 rasura

162 2880 299 2909 minoris
324 2880 428 2918 spatii
518 2879 561 2908 24
586 2885 749 2918 promere
768 2875 807 2913 A,
832 2876 894 2904 sed
920 2884 949 2902 in
977 2874 1009 2903 in
1034 2882 1101 2901 τας.
1196 2871 1237 2901 27
1264 2869 1405 2899 mollire
1424 2869 1504 2898 AB:
1532 2867 1646 2897 moliri
1673 2869 1748 2899 ezlsl.

164 2929 244 2955 nell.
339 2926 380 2954 29
407 2932 569 2966 quamm
594 2923 623 2951 A
722 2922 761 2951 31
791 2917 1026 2950 inrationalia
1052 2916 1130 2946 AB:
1158 2913 1426 2946 irrationabilia
1454 2915 1532 2945 (leel.
1558 2915 1660 2954 pauci

164 2971 206 3001 33
234 2968 302 3000 diis
328 2969 379 2999 Ιιίι·
403 2969 429 2999 Β
455 2978 582 3009 quoque
