1939 3180
117 90 201 132 322
643 98 938 138 QUINTILIANI
971 98 1090 128 INST.
1125 97 1200 127 011.

119 217 343 245 causarum
375 202 647 255 defensione,
688 201 885 242 nonnihil
925 200 1055 241 etiam
1087 200 1137 241 de
1170 199 1436 241 confessione
1468 199 1632 239 locutus
1665 212 1720 247 es,

118 272 201 313 nisi
235 270 464 325 aliquando
495 270 560 310 uis
592 284 642 310 ac
662 268 847 309 facultas
869 268 1038 309 dicendi
1060 270 1283 323 expugnat
1303 267 1441 322 ipsam
1461 255 1723 308 ueritatem?

118 341 255 381 bonus
288 338 401 380 enim
442 338 507 379 uir
545 352 630 379 non
672 338 763 392 agit
801 337 885 378 nisi
924 337 1060 378 bonas
1100 351 1270 390 causas,
1312 351 1382 377 eas
1428 350 1554 390 porro
1593 335 1723 375 etiam

52 408 108 449 34
122 409 215 450 sine
247 407 445 448 doctrina
477 406 581 447 satis
613 420 689 460 per
720 420 764 447 se
794 408 938 447 tuetur
968 405 1129 446 ueritas
1151 396 1282 458 ipsa’.
1325 404 1478 458 quibus
1501 417 1593 457 ego,
1628 417 1723 443 cum

118 477 169 518 de
201 490 295 517 meo
328 475 512 530 primum
545 489 672 528 opere
703 474 985 528 respondero,
1028 465 1157 533 etiam
1195 472 1413 528 proboni
1452 471 1532 512 uiri
1566 470 1721 524 officio,
1743 484 1758 507 s·

119 545 155 586 si
185 544 356 600 quando
389 558 485 584 eum
517 542 569 583 ad
601 542 893 584 defensionem
934 539 1183 583 nocentium
1221 541 1333 582 ratio
1372 540 1560 593 duxerit,
1603 539 1724 580 satis-

118 614 289 655 faciam.
361 613 627 667 pertractare
667 611 803 665 enim,
845 610 1054 666 quomodo
1095 612 1168 651 aut
1208 623 1285 664 pro
1324 608 1445 649 falsis
1485 610 1558 649 aut
1597 607 1724 648 etiam

118 697 195 738 pro
226 681 398 723 iniustis
430 680 659 735 aliquando
687 680 869 734 dicatur,
903 694 991 720 non
1023 677 1292 731 estUinutile,
1333 677 1400 718 uel
1439 678 1613 731 propter
1644 675 1725 716 hoc

119 751 269 805 solum,
302 751 350 791 ut
381 764 430 790 ea
459 748 630 790 facilius
663 750 705 790 et
736 748 1048 803 deprendamus
1080 748 1123 787 et
1153 745 1413 800 refellamus,
1457 744 1724 799 quemadmo-

120 820 220 861 dum
258 818 445 859 remedia
483 817 635 858 melius
674 816 916 871 adhibebit,
958 816 1025 857 cui
1063 818 1167 856 nota
1205 829 1313 869 quae
1352 816 1511 855 nocent
1548 814 1723 854 fuerint.

50 888 105 930 35
119 903 256 943 neque
289 887 402 928 enim
425 885 689 939 Academici,
724 900 819 927 cum
850 885 896 926 in
927 886 1151 939 utramque
1183 883 1398 924 disserunt
1426 884 1606 937 partem,
1639 896 1727 922 non

121 957 356 999 secundum
379 955 560 996 alteram
582 954 750 1008 uiuunt,
775 968 855 995 nec
877 953 1119 995 Carneades
1140 952 1225 1006 ille,
1248 951 1318 1006 qui
1342 948 1504 992 Romae
1527 949 1727 990 audiente

122 1025 315 1067 censorio
348 1023 510 1065 Catone
548 1038 635 1064 non
676 1023 912 1064 minoribus
950 1021 1113 1062 uiribus
1153 1022 1302 1061 contra
1334 1019 1541 1060 iustitiam
1574 1018 1728 1060 dicitur

122 1093 369 1135 disseruisse
408 1107 534 1147 quam
577 1092 713 1146 pridie
754 1106 830 1146 pro
869 1090 1035 1131 iustitia
1074 1090 1261 1142 dixerat,
1310 1089 1493 1129 iniustus
1532 1088 1624 1142 ipse
1662 1087 1728 1126 uir

121 1163 218 1204 fuit.
287 1176 435 1202 uerum
475 1163 517 1202 et
555 1161 690 1202 uirtus
729 1160 829 1215 quid
869 1160 925 1201 sit
963 1159 1141 1200 aduersa
1180 1157 1218 1199 ei
1256 1157 1422 1198 malitia
1461 1155 1645 1210 detegit,
1686 1157 1729 1195 et
1765 1168 1779 1190 s·

122 1231 315 1287 aequitas
356 1230 405 1271 fit
443 1244 494 1271 ex
534 1229 670 1284 iniqui
712 1228 1076 1283 contemplatione
1124 1226 1416 1279 manifestior,
1465 1226 1506 1265 et
1543 1223 1728 1278 plurima

1748 825 1778 847 10

123 1299 349 1342 contrariis
381 1298 638 1353 probantur:
672 1297 829 1338 debent
861 1311 963 1351 ergo
994 1295 1152 1337 oratori
1185 1295 1245 1335 sic
1277 1308 1367 1334 esse
1389 1293 1728 1334 aduersariorum
1757 1294 1763 1297 ’

53 1370 107 1411 36
122 1370 225 1410 nota
259 1367 437 1409 consilia
468 1368 516 1407 ut
547 1365 735 1407 hostium
766 1365 1028 1420 imperatori.
1072 1378 1221 1404 uerum
1243 1365 1286 1403 et
1306 1362 1425 1416 illud,
1459 1362 1569 1416 quod
1591 1362 1729 1415 prima

123 1436 416 1492 propositione
449 1435 601 1476 durum
631 1434 822 1489 uidetur,
864 1436 1007 1488 potest
1047 1432 1214 1473 adferre
1246 1431 1377 1485 ratio,
1418 1433 1467 1471 ut
1496 1431 1562 1471 uir
1592 1430 1729 1470 bonus

122 1506 168 1546 in
214 1504 462 1546 defensione
504 1518 655 1545 causae
694 1502 799 1544 uelit
838 1502 1004 1543 auferre
1043 1500 1272 1555 aliquando
1312 1499 1440 1540 iudici
1486 1498 1726 1540 ueritatem.

123 1574 234 1629 quod
265 1574 300 1614 si
332 1573 424 1628 quis
457 1587 481 1613 a
512 1587 578 1613 nie
610 1571 791 1626 proponi
830 1571 1057 1611 mirabitur
1096 1572 1371 1624 (quamquam
1410 1582 1498 1608 non
1531 1569 1594 1608 est
1625 1566 1728 1607 haec

124 1657 219 1684 mea
250 1642 420 1697 proprie
453 1640 692 1694 sententia,
735 1640 808 1681 sed
841 1654 1006 1692 eorum,
1047 1653 1150 1693 quos
1183 1637 1460 1692 grauissimos
1493 1635 1731 1690 sapientiae

124 1711 354 1766 magistros
387 1712 504 1751 aetas
534 1711 658 1751 uetus
691 1709 904 1763 credidit),
938 1708 999 1748 310
1030 1707 1201 1760 iudicet,
1236 1706 1437 1761 pleraque
1470 1718 1582 1758 esse,
1624 1718 1731 1758 quae

125 1795 213 1821 non
244 1782 333 1821 tam
363 1779 491 1820 factis
524 1793 650 1833 quam
685 1777 822 1819 causis
855 1791 999 1818 eorum
1032 1776 1099 1816 uel
1130 1775 1312 1816 honesta
1342 1775 1452 1815 fiant
1482 1774 1551 1814 uel
1572 1773 1728 1828 turpia.

58 1852 110 1893 37
127 1864 228 1890 nam
260 1848 295 1890 si
327 1848 545 1889 hominem
577 1846 769 1887 occidere
801 1860 926 1900 saepe
958 1845 1108 1898 uirtus,
1148 1844 1304 1884 liberos
1335 1857 1490 1884 necare
1521 1856 1730 1883 nonnum-

128 1933 255 1972 quam
287 1915 620 1972 pulcherrimum
653 1917 729 1969 est,
764 1914 980 1969 asperiora
1002 1912 1210 1967 quaedam
1242 1911 1380 1952 adhuc
1401 1911 1531 1965 dictu,
1564 1911 1598 1952 si
1623 1925 1731 1951 00111η

128 1985 270 2027 munis
302 1985 466 2026 utilitas
499 1984 704 2039 exegerit,
737 1983 879 2024 facere
903 1982 1172 2024 conceditur:
1203 1994 1257 2021 ne
1279 1979 1359 2020 hoc
1381 1980 1551 2034 quidem
1573 1979 1731 2019 nudum

129 2056 194 2095 est
224 2053 501 2106 intuendum,
544 2052 712 2107 qualem
753 2066 924 2093 causam
962 2051 1028 2091 uir
1066 2050 1223 2103 bonus,
1267 2048 1336 2089 sed
1372 2048 1501 2089 etiam
1532 2062 1661 2103 quaro
1693 2049 1736 2087 et

61 2124 116 2167 38
130 2137 214 2178 qua
244 2124 388 2163 mente
419 2121 636 2162 defendat.
698 2135 746 2161 ac
777 2120 961 2175 primum
994 2119 1234 2160 concedant
1255 2117 1359 2158 mihi
1381 2132 1528 2158 01111103
1551 2117 1731 2171 oportet,

130 2191 241 2246 quod
264 2190 504 2232 Stoicorum
527 2203 692 2244 quoque
715 2189 939 2243 asperrimi
962 2188 1233 2241 confitentur,
1267 2186 1480 2227 facturum
1504 2184 1733 2239 aliquando

130 2260 269 2300 uirum
301 2259 459 2300 bonum
490 2261 538 2299 ut
568 2258 839 2299 mendacium
872 2258 1007 2311 dicat,
1049 2259 1091 2297 et
1122 2256 1291 2310 quidem
1323 2268 1646 2308 nonnumquam
1676 2252 1731 2292 10-

130 2328 319 2369 uioribus
352 2327 505 2381 causis,
538 2329 586 2367 ut
616 2327 661 2367 in
683 2326 826 2381 pueris
849 2325 1174 2381 aegrotantibus
1196 2323 1397 2365 utilitatis
1426 2337 1570 2363 eorum
1591 2321 1734 2376 gratia

62 2400 117 2440 39
131 2397 266 2437 multa
296 2395 523 2450 fingimus,
564 2395 700 2436 multa
738 2409 826 2435 non
864 2393 1022 2435 facturi
1061 2393 1372 2448 promittimus:
1412 2391 1568 2432 nedum
1608 2390 1642 2430 si
1681 2389 1734 2429 ab

227 2551 241 2579 1
269 2546 503 2579 confessione
530 2546 718 2586 Spaldingy:
745 2545 915 2576 confesso
941 2545 1018 2576 libri
1134 2553 1172 2575 es
1198 2544 1281 2575 Mb:
1316 2546 1372 2575 est
1397 2544 1422 2574 B
1540 2544 1560 2573 5
1587 2551 1734 2581 respon-

134 2594 227 2626 debo
253 2595 286 2634 b,
313 2591 515 2634 respondeo
541 2592 576 2621 Μ
671 2593 688 2622 7
715 2594 946 2632 pertractare
966 2592 1020 2621 M:
1047 2592 1237 2630 pti-actare
1255 2590 1293 2629 Β,
1321 2592 1484 2620 tractare
1510 2588 1531 2617 b
1625 2590 1644 2617 ‘J
1672 2595 1734 2616 cas

134 2641 187 2680 Bg
212 2644 289 2671 (mle
314 2649 471 2670 rasuram
566 2636 716 2668 facilius
743 2639 781 2667 ut
809 2636 1076 2677 deprendamus
1102 2635 1326 2666 rell‘ellamus
1352 2636 1372 2665 b
1469 2635 1507 2664 11
1534 2636 1688 2671 utraque
1716 2632 1736 2660 b

226 2684 416 2716 disserunt
440 2683 477 2723 B,
504 2688 537 2714 ul
564 2684 649 2716 coni.
677 2683 820 2723 Reqius:
855 2682 1025 2712 differunt
1050 2683 1103 2720 M,
1131 2680 1384 2711 dissenserunt
1408 2681 1448 2718 b,
1483 2679 1736 2709 disseruerunt

135 2732 188 2764 ed.
217 2731 330 2771 Camp.
429 2730 468 2760 12
494 2728 728 2759 uiuuntBM:
755 2727 884 2758 uiuent
908 2728 928 2758 b
1024 2738 1091 2758 1100
1117 2727 1155 2756 b:
1183 2737 1227 2757 110
1246 2727 1317 2756 ΒΜ
1413 2726 1453 2756 15
1479 2723 1643 2754 malitiae
1669 2723 1689 2752 b

138 2778 177 2807 1ss
205 2777 328 2817 inique
357 2775 624 2816 contemplatio
650 2775 671 2804 b
767 2775 806 2804 17
836 2773 1031 2804 contrari-is
1056 2774 1107 2804 M:
1137 2772 1318 2802 contraris
1344 2771 1381 2810 B,
1411 2773 1537 2800 contra
1564 2768 1620 2798 liis
1646 2768 1666 2797 b

139 2824 178 2854 18
205 2822 335 2853 ostium
361 2821 387 2850 B
503 2823 546 2850 20
571 2819 699 2850 iudicii
725 2820 745 2849 b
862 2820 904 2849 22
930 2829 1040 2860 prope
1059 2819 1093 2848 M
1210 2817 1449 2858 grauissimus
1475 2825 1552 2855 sap.
1581 2814 1698 2850 magis
1716 2814 1736 2842 b

228 2869 270 2898 ‘23
297 2866 460 2897 iudicent
484 2866 565 2905 ΒΜ,
591 2876 651 2898 em.
678 2868 711 2895 in
737 2865 813 2895 edd.
840 2868 921 2895 nell.
1060 2865 1103 2895 27
1131 2864 1248 2894 exerit
1271 2864 1292 2892 b
1409 2860 1540 2891 nudum
1569 2861 1624 2889 ost
1649 2858 1733 2888 BM:

137 2914 210 2943 unu
238 2923 345 2953 quam
372 2913 405 2951 b,
432 2912 520 2942 mide
546 2912 713 2952 Spalding]
739 2912 826 2944 eom'.
852 2909 985 2940 nudum
1018 2910 1189 2949 umquam
1329 2907 1372 2938 ‘28
1404 2905 1600 2936 intuendus
1625 2904 1645 2934 b

139 2959 178 2989 31
207 2957 338 2989 bonum
365 2957 481 2988 uirum
507 2957 541 2986 M
634 2958 675 2987 32
703 2957 754 2986 uti
783 2956 905 2997 pueris
933 2954 1076 2986 Obrecht

1749 1509 1781 1533 2¹0

1750 1854 1783 1878 ΞΓ»

1753 2196 1786 2219 :30
