1955 3228
92 520 107 545 ὅ

76 857 107 881 10

75 1530 108 1554 24)

78 2206 109 2229 30

629 130 658 160 1.
701 127 742 172 τ,
771 127 927 158 91-3ῡ.
959 130 992 171 s,
1024 125 1131 157 1—9.
1643 115 1689 154 ,¹31

122 233 327 288 legimus,
370 234 412 273 et
450 231 684 284 ‘Subura',
726 245 820 271 cum
857 230 992 271 tribus
1030 230 1184 270 litteris
1223 230 1416 282 notatur,
1458 228 1489 269 C-
1529 227 1701 268 tertiam

123 300 323 342 ostendit.
374 297 508 340 inulta
540 300 640 339 sunt
669 297 838 352 generis
868 297 1007 350 huius,
1041 298 1111 338 sed
1143 297 1248 337 haec
1278 310 1440 350 quoque
1470 309 1618 336 uereor
1647 308 1701 334 ne

122 368 291 409 modum
321 369 409 407 tam
439 381 596 421 paruae
625 364 882 420 quaestionis
914 363 1184 405 excesserint.

235 433 442 475 Iudicium
475 435 616 474 autem
647 447 768 473 suum
798 430 1102 486 grammaticus
1131 430 1377 484 interponat
1396 429 1462 470 his
1484 429 1699 470 omnibus:
1716 428 1770 469 30

126 517 226 544 nam
263 501 343 543 hoe
381 501 521 541 ualere
559 499 786 554 plurimun]
823 497 960 538 debet.
1027 512 1129 551 ego,
1178 498 1260 537 nisi
1299 497 1408 550 quod
1448 494 1703 537 consuetudo

125 569 371 624 optinuerit,
404 568 464 609 sie
495 567 762 609 scribendum
794 565 974 619 quidque
1004 565 1157 617 iudico,
1201 564 1406 618 quomodo
1437 565 1571 604 sonat.
1634 562 1703 603 1119
1717 564 1768 604 31

126 637 237 678 9111111
270 639 334 677 est
364 651 464 676 usus
495 636 747 687 litterarum,
780 636 827 673 ut
855 632 1097 673 custodiant
1126 645 1248 671 110995
1271 632 1312 670 et
1332 630 1449 670 uelut
1469 630 1705 683 depositum

127 704 309 745 reddant
346 703 607 757 legentibus,
649 702 793 754 itaque
831 699 874 740 id
913 699 1146 753 exprimere
1185 698 1363 750 debent,
1403 697 1512 751 quod
1553 697 1705 737 dicturi

126 786 281 812 sumus.
343 771 423 811 hae
460 770 548 810 fere
587 770 687 810 sunt
725 767 946 807 emendate
983 765 1181 820 loquendi
1219 764 1513 818 scribendique
1543 763 1772 817 partes:32

126 839 228 879 duas
258 837 440 891 reliquas
472 836 766 890 significanter
797 836 1026 887 ornateque
1059 832 1224 873 dicendi
1247 846 1333 872 non
1355 831 1545 885 equidem
1567 844 1706 885 gram-

125 905 292 946 maticis
326 904 484 957 aufero,
519 903 605 957 sed,
640 917 732 943 cum
763 901 868 942 mihi
899 900 1040 941 officia
1070 899 1252 940 rhetoris
1283 898 1517 952 supersint,
1557 897 1705 938 maiori

125 972 242 1026 operi
273 984 454 1012 reseruo.

238 1038 366 1079 Redit
396 1039 537 1078 autem
567 1037 641 1077 illa
673 1037 898 1091 cogitatio,
937 1035 1138 1089 quosdam
1176 1034 1286 1087 fore,
1325 1033 1396 1087 qui
1434 1032 1559 1085 haec,
1601 1046 1706 1086 quae
1721 1035 1774 1076 33

126 1106 328 1159 diximus,
370 1119 503 1159 parua
542 1104 719 1144 nimium
758 1106 800 1145 et
844 1103 1135 1157 inpedimenta
1174 1114 1336 1155 quoque
1376 1100 1511 1140 maius
1550 1099 1707 1153 aliquid

93 1174 356 1228 aagentibus
386 1173 560 1226 putent:
600 1186 680 1212 1199
719 1171 809 1224 ipse
849 1171 900 1211 ad
940 1172 1171 1211 extremam
1208 1182 1338 1222 usque
1376 1167 1636 1208 anxietatem
1667 1168 1710 1205 et

125 1242 294 1295 ineptas
326 1239 618 1281 cauillationes
650 1237 988 1279 descendendum
1027 1238 1150 1290 atque
1181 1235 1233 1276 iis
1265 1234 1440 1288 ingenia
1473 1233 1635 1274 concidi
1667 1235 1709 1273 et

127 1308 354 1350 comminui
387 1307 523 1349 credo.
583 1306 654 1348 sed
685 1305 792 1346 nihil
825 1320 875 1346 ex
907 1304 1183 1360 grammatice
1221 1302 1435 1355 nocuerit,
1475 1301 1556 1341 nisi
1595 1299 1774 1354 (1110(134

125 1390 434 1430 superuacuum
475 1377 551 1415 est.
612 1389 665 1414 an
704 1373 797 1414 ideo
836 1372 974 1413 minor
1013 1373 1076 1412 est
1106 1371 1163 1411 M.
1196 1370 1359 1410 Tullius
1397 1370 1558 1421 orator,
1600 1367 1709 1422 quod

124 1444 235 1484 idem
266 1443 370 1484 artis
401 1443 530 1483 huius
555 1441 906 1495 diligentissimus
937 1439 1019 1479 fuit
1050 1441 1092 1479 et
1121 1439 1166 1478 in
1197 1438 1303 1491 filio,
1335 1439 1382 1477 ut
1412 1436 1605 1490 epistulis
1637 1450 1715 1488 ap<

126 1513 262 1565 paret,
296 1513 408 1551 reete
438 1509 638 1564 loquendi
671 1523 793 1562 asper
825 1522 986 1562 quoque
1015 1506 1215 1546 exactor?
1247 1506 1319 1544 aut
1339 1504 1426 1544 uim
1447 1504 1492 1545 C.
1518 1502 1708 1544 Caesaris

128 1579 349 1633 fregerunt
379 1578 481 1618 editi
513 1577 562 1617 de
593 1575 793 1629 analogia
823 1573 952 1615 libri?
993 1575 1067 1614 aut
1102 1572 1196 1613 ideo
1227 1572 1365 1612 minus
1397 1570 1580 1611 Messala
1611 1569 1709 1609 niti·
1722 1574 1775 1614 32⁷)

127 1646 224 1699 dus,
264 1645 362 1699 quia
391 1644 590 1698 quosdam
623 1646 734 1683 totos
765 1642 929 1682 libellos
959 1655 1046 1681 non
1076 1639 1216 1681 uerbis
1242 1639 1364 1679 modo
1394 1638 1595 1693 singulis,
1637 1636 1705 1677 sed

128 1714 255 1755 etiam
286 1712 440 1753 litteris
471 1711 617 1751 dedit?
665 1725 753 1751 non
783 1710 957 1764 opstant
987 1707 1066 1748 hae
1098 1706 1347 1759 disciplinae
1378 1720 1452 1759 per
1482 1704 1577 1745 illas
1609 1718 1707 1744 eun-

126 1782 255 1834 tibus,
288 1779 360 1820 sed
393 1780 504 1820 circa
535 1778 630 1818 illas
660 1777 947 1818 haerentibus.

239 1847 359 1888 V1H.
412 1846 612 1900 Superest
641 1845 787 1886 lectio:
818 1844 865 1884 in
895 1858 976 1898 qua
1006 1857 1110 1897 puer
1140 1843 1187 1882 ut
1208 1842 1328 1894 sciat,
1361 1840 1433 1881 ubi
1454 1839 1708 1893 suspendere

127 1915 323 1970 spiritum
354 1914 518 1968 debeat,
552 1927 633 1967 quo
664 1913 755 1953 1090
785 1926 952 1952 uersum
975 1910 1250 1964 distinguere,
1283 1908 1355 1948 ubi
1378 1907 1596 1948 claudatur
1617 1921 1708 1947 sen—

129 1998 218 2037 sus,
260 1982 371 2023 unde
403 1981 602 2035 incipiat,
643 1980 810 2034 quando
842 1978 1073 2020 attollenda
1104 1977 1171 2017 1191
1209 1975 1497 2016 submittenda
1528 1974 1583 2014 sit
1612 1988 1712 2033 uox,

129 2065 209 2104 quo
240 2050 421 2104 quidque
452 2049 575 2101 flexu,
609 2047 707 2102 quid
736 2047 891 2087 lentius
915 2045 1103 2098 celerius,
1138 2043 1390 2084 concitatius
1412 2042 1548 2083 lenius
1570 2042 1708 2082 dicen-

129 2119 239 2171 dum,
274 2116 554 2158 demonstrari
585 2115 668 2155 nisi
698 2115 742 2155 in
765 2128 888 2168 opere
910 2114 1001 2167 ipso
1022 2127 1109 2153 non
1130 2113 1283 2165 potest.
1325 2125 1455 2150 unum
1478 2111 1541 2150 est
1560 2109 1705 2163 igitur,
1722 2114 1747 2153 *2

130 2185 241 2239 quod
272 2185 316 2225 in
347 2185 427 2225 hac
458 2186 578 2238 parte
608 2182 887 2236 praecipiam:
920 2183 968 2220 ut
998 2179 1138 2220 omnia
1169 2179 1251 2219 ista
1281 2178 1421 2218 facere
1452 2176 1605 2230 possit,
1646 2176 1707 2215 in—

128 2253 322 2307 tellegat.
375 2252 431 2293 sit
461 2253 602 2291 autem
632 2251 678 2290 in
709 2249 855 2303 primis
886 2248 1011 2289 lectio
1042 2246 1176 2286 uirilis
1199 2248 1241 2286 et
1263 2260 1355 2286 911111
1378 2245 1588 2285 suauitate
1609 2258 1707 2297 qua—

129 2362 244 2397 ucrat,
275 2359 308 2387 iu
339 2358 442 2387 litura
471 2355 620 2395 scriptus
651 2358 701 2384 est
731 2357 764 2383 el
792 2353 902 2393 prima
932 2362 1046 2381 nimius
1078 2349 1205 2381 dnobus
1237 2348 1387 2379 uersibus
1413 2352 1443 2377 cl
1469 2348 1602 2378 dimidio
1634 2348 1709 2387 plus·

129 2402 291 2433 habuerat
324 2411 419 2442 quum
449 2401 616 2433 secunda,-
647 2410 692 2429 ex
723 2399 841 2428 deletis
871 2396 982 2427 uerbis·
1012 2396 1092 2426 m'ltz'l
1122 2396 1185 2426 iam
1215 2395 1280 2434 lessi
1309 2398 1420 2434 polest
1452 2394 1515 2423 m'sz·
1539 2393 1570 2422 in
1600 2393 1707 2432 primo

129 2457 229 2478 uersu
256 2470 291 2480 ..
312 2471 319 2478 .
338 2471 345 2479 .
366 2473 372 2479 .
395 2457 401 2477 .’
424 2468 458 2476 ..
496 2447 532 2474 et
563 2444 658 2482 (simi
688 2453 716 2475 s,
751 2442 788 2482 I.)
822 2442 1005 2479 consules,
1038 2442 1071 2471 in
1103 2437 1221 2481 quaiso
1255 2439 1264 2469 1
1281 2461 1427 2470 ......
1462 2447 1477 2467 5
1515 2437 1523 2467 1
1546 2460 1659 2469 .....
1691 2446 1707 2465 s

132 2501 147 2522 5
167 2515 310 2525 ......
328 2494 379 2530 nt,
404 2493 437 2521 in
463 2491 576 2530 quinto
597 2512 715 2521 .....
742 2487 926 2527 geminata
946 2486 1071 2516 eadem
1099 2510 1105 2515 .
1128 2509 1135 2515 .
1161 2484 1195 2514 1.
1218 2508 1223 2515 .
1247 2507 1253 2514 .
1276 2508 1280 2513 .
1302 2493 1352 2521 ,5,
1379 2483 1412 2512 in
1436 2486 1534 2512 sear-to
1562 2504 1706 2513 ......

135 2560 282 2570 ......
310 2536 427 2566 tribus
452 2534 599 2571 litteris,
626 2534 659 2563 in
683 2533 823 2572 septimo
844 2556 849 2563 .
872 2556 878 2561 .
899 2554 906 2562 .
928 2557 934 2564 .
954 2557 961 2565 ,
982 2555 988 2562 .
1015 2530 1124 2561 tertia
1150 2528 1307 2559 ostendit
1325 2526 1426 2557 multi
1447 2526 1512 2565 (2²);
1537 2527 1708 2566 scriptur-a

133 2584 153 2612 2
180 2587 212 2613 el
232 2583 266 2612 3.
293 2591 411 2611 uersus
435 2588 576 2620 prorsus·
601 2579 751 2609 extincta
776 2581 836 2607 est.
933 2578 946 2606 l
975 2575 1182 2605 suburbana
1200 2583 1220 2603 a
1313 2574 1331 2603 3
1358 2571 1458 2601 modi-c
1474 2571 1502 2600 A
1594 2573 1614 2601 ξ)
1638 2570 1708 2600 nisi

135 2625 220 2667 quid
246 2626 390 2657 malebat
415 2624 581 2665 Spaldinq
718 2623 737 2652 6
763 2621 961 2652 obtinuerit
985 2621 1013 2650 A
1130 2621 1169 2650 10
1196 2617 1447 2657 significantur
1471 2616 1543 2653 As,
1570 2620 1709 2656 ulerqzte

134 2673 201 2702 lm.
298 2672 338 2701 13
365 2669 460 2701 sedit
484 2669 522 2708 A,
550 2667 653 2698 sedet
677 2668 697 2696 S
792 2667 832 2696 15
859 2664 990 2705 agendi
1015 2665 1040 2694 B
1136 2664 1174 2693 10
1201 2663 1254 2692 his
1280 2662 1387 2692 AMS
1405 2668 1425 2694 ς
1520 2662 1558 2691 17
1587 2658 1706 2700 credo]

133 2726 262 2747 0911590
289 2716 423 2747 (lortius
447 2715 493 2744 ml
518 2714 600 2743 Sall.
630 2712 701 2752 Ing).
721 2712 819 2750 3371.
838 2713 922 2743 577:
948 2714 981 2740 at
1008 2711 1051 2749 (s,
1074 2712 1101 2740 2.
1124 2712 1152 2741 2,
1177 2710 1213 2737 15
1286 2705 1524 2745 grammatica
1548 2706 1568 2735 b
1664 2706 1704 2736 18

132 2761 250 2792 minor
276 2758 346 2802 est]
376 2760 510 2790 minori-¹
535 2758 598 2796 Bg,
624 2757 738 2787 minor
763 2757 819 2785 ST
909 2755 957 2785 M.
978 2766 1036 2785 mu.
1056 2754 1084 2783 A
1114 2755 1179 2782 lm.
1258 2753 1297 2782 11.)
1323 2754 1362 2781 ut
1385 2750 1421 2780 in
1443 2750 1546 2791 epist,
1565 2750 1594 2780 A
1618 2752 1708 2781 solus

131 2817 178 2837 (ξω
202 2806 289 2837 nolis
383 2802 546 2845 epistolis
572 2803 639 2831 MS
754 2801 796 2831 ‘20
821 2799 989 2839 loquendi
1016 2806 1274 2837 usquequaque
1302 2806 1408 2836 asper
1431 2796 1465 2825 M
1579 2797 1621 2827 23
1646 2795 1706 2825 ob—

133 2854 231 2882 stant
248 2851 303 2881 As
396 2850 437 2880 27
465 2846 668 2878 attollenda
693 2846 766 2875 Ba:
793 2843 952 2875 tollenda
970 2843 998 2873 A
1068 2841 1325 2873 summittenda
1349 2840 1436 2881 AB,
1462 2841 1524 2871 sed
1546 2840 1594 2871 Bu
1619 2851 1707 2872 corr.

131 2906 178 2927 (τω
202 2895 317 2927 subm.
427 2895 468 2924 ‘28
496 2902 563 2932 quo
591 2891 745 2932 quidque
772 2890 955 2929 Spaldiny:
983 2887 1063 2927 quid
1091 2896 1230 2928 quoquo
1256 2886 1414 2924 ABMS,
1440 2886 1485 2925 ef.
1506 2888 1533 2922 1,
1553 2888 1580 2923 ϋ,
1602 2887 1641 2916 16

132 2943 171 2973 31
199 2940 395 2972 sanctitate
422 2938 450 2968 A

1392 2985 1438 3018 4ss
