1939 3228
772 157 835 186 xi.
883 154 901 175 ὓ
951 154 1121 186 16-24,
1663 148 1748 189 275

884 175 916 197 *¹9

151 255 321 311 singula
354 270 513 297 conexa
544 257 769 311 †quodam
802 258 934 312 corio,
968 274 1048 300 nec
1079 262 1225 301 errant
1257 260 1566 315 coniungentes
1598 261 1746 315 priori-

149 323 227 364 bus
260 325 562 379 consequentia
595 325 683 366 solo
714 325 928 367 ediscendi
966 326 1124 369 labore.
1186 328 1295 383 quod
1328 328 1378 369 de
1411 329 1532 370 domo
1564 328 1671 382 dixi,
1706 331 1747 370 et
1761 330 1811 370 21

150 391 195 432 in
234 391 434 446 operibus
472 392 655 447 publicis
696 396 738 434 et
775 394 821 435 111
859 395 1013 436 itinere
1051 395 1180 450 longo
1221 398 1263 437 et
1300 397 1468 438 urbium
1507 397 1669 438 ambitu
1706 399 1749 438 et

150 459 329 512 picturis
360 460 452 501 fieri
482 463 636 514 potest.
680 461 809 503 etiam
838 462 1002 517 fingere
1025 463 1105 504 sibi
1136 463 1211 504 has
1242 464 1453 519 imagines
1484 464 1598 506 licet.
1642 480 1747 519 opus

114 537 130 563 5
150 529 214 567 est
245 541 345 581 ergo
376 528 502 582 locis,
534 543 640 583 quae
671 529 739 571 uel
769 530 993 585 finguntur
1022 531 1090 572 uel
1121 534 1367 586 sumuntur,
1408 535 1450 574 et
1487 532 1746 587 imaginibus

148 595 216 635 uel
248 595 507 650 simulacris,
533 611 640 651 quae
671 598 817 652 utique
849 598 1052 654 fingenda
1083 601 1196 640 sunt.
1239 600 1452 655 imagines
1484 616 1609 642 00003
1639 610 1769 653 sunl,'

148 662 299 717 quibus
339 677 387 704 ea
426 678 533 718 quae
576 665 800 707 ediscenda
839 669 939 708 sunt
976 669 1196 721 notamus,
1237 670 1305 722 ut,
1353 669 1560 722 quomodo
1601 668 1747 711 Cicero

148 730 264 784 dicit,
296 731 399 773 locis
430 747 507 786 pro
539 748 648 787 cera,
682 733 919 776 simulacris
940 749 1017 789 pro
1046 734 1200 776 litteris
1232 738 1416 777 utamur.
1458 736 1562 777 illud
1584 751 1746 792 quoque
1760 739 1814 779 22

148 798 200 838 ad
232 799 409 840 uerbum
441 815 598 854 ponere
629 802 837 856 optimum
867 802 1016 844 fuerit:
1057 803 1194 844 locis
1228 806 1308 845 est
1338 804 1587 845 utendum
1618 805 1746 846 mul-

96 877 128 903 10
147 866 237 920 tis,
270 867 619 924 inlustribus,
653 871 971 925 explicatis,
1003 870 1587 927 modieisinteruallis,
1621 873 1745 914 ima-

147 933 363 988 ginibus
403 938 576 978 autem
615 939 923 993 agentibus,
975 939 1209 994 acribus,
1258 940 1568 995 insignitis,
1617 956 1744 995 quae

147 1016 424 1044 occurrere
458 1004 816 1061 celeriterque
845 1009 1126 1061 pereutere
1149 1008 1377 1048 animum
1399 1009 1622 1062 possint.
1664 1025 1744 1064 quo

146 1071 285 1125 magis
318 1071 469 1126 miror,
510 1073 718 1128 quomodo
749 1074 1016 1116 Metrodorus
1048 1075 1093 1116 111
1124 1074 1209 1117 XII
1240 1075 1397 1130 signis,
1438 1091 1513 1131 per
1544 1092 1649 1132 quae
1682 1079 1743 1119 sol

145 1140 280 1193 meat,
322 1141 516 1181 trecenos
556 1143 598 1182 et
636 1156 871 1197 sexagenos
910 1143 1123 1184 inuenerit
1152 1143 1279 1185 locos.
1343 1144 1512 1185 uanitas
1542 1146 1743 1186 nimirum

95 1216 126 1242 15
144 1206 229 1247 fuit
259 1208 385 1262 atque
416 1208 590 1250 iactatio
624 1210 736 1252 circa
773 1211 1021 1252 memoriam
1061 1226 1179 1252 suam
1217 1212 1357 1266 potius
1390 1214 1480 1254 arte
1513 1227 1639 1267 quam
1670 1229 1742 1255 na-

144 1276 241 1316 tura
271 1275 510 1330 gloriantis.

257 1343 465 1398 Equidem
497 1344 603 1388 liaeo
635 1347 687 1387 ad
719 1347 924 1401 quaedam
954 1347 1153 1402 prodesse
1184 1362 1272 1389 non
1308 1350 1578 1404 negauerim,
1621 1353 1665 1391 ut
1706 1351 1740 1392 si
1754 1355 1808 1396 23

143 1425 281 1452 rerum
314 1412 489 1454 nomina
520 1414 655 1456 multa
685 1429 761 1469 per
791 1415 983 1456 ordinem
1014 1415 1160 1456 audita
1182 1416 1397 1458 reddenda
1419 1417 1517 1459 sint.
1558 1433 1741 1474 namque

143 1478 188 1519 in
218 1479 284 1534 iis,
317 1495 424 1535 quae
456 1482 709 1537 didicerunt,
743 1483 846 1524 locis
877 1486 1045 1538 ponunt
1074 1499 1140 1525 res
1172 1484 1290 1526 illas:
1330 1500 1542 1540 mensam,
1585 1489 1631 1527 ut
1661 1487 1741 1529 hoc

91 1557 124 1583 20
144 1549 254 1601 utar,
287 1548 332 1589 in
363 1550 573 1592 uestibulo
606 1553 647 1592 et
677 1550 891 1606 pulpitum
921 1552 967 1593 in
998 1552 1106 1594 atrio
1137 1555 1179 1594 et
1210 1552 1271 1594 sic
1303 1556 1462 1607 cetera,
1497 1554 1647 1596 deinde
1679 1570 1740 1597 re-

142 1614 335 1670 legentes
366 1617 618 1672 inueniunt,
651 1619 723 1660 ubi
754 1622 999 1674 posuerunt.
1062 1622 1103 1661 et
1133 1620 1316 1662 forsitan
1347 1622 1427 1663 1100
1458 1626 1558 1664 sunt
1589 1623 1736 1679 adiuti,
1753 1628 1807 1669 ‘24

143 1683 213 1737 qui
246 1684 442 1726 auctione
473 1685 660 1740 dimissa,
695 1687 794 1742 quid
827 1688 974 1742 cuique
1006 1689 1301 1730 uendidissent
1330 1690 1509 1732 testibus
1541 1694 1739 1747 argenta-

141 1750 300 1792 riorum
329 1752 485 1794 tabulis
517 1754 812 1809 reddiderunt,
852 1756 963 1810 quod
994 1757 1258 1811 praestitisse
1290 1757 1338 1806 Q.
1371 1757 1649 1801 Hortensium
1680 1761 1739 1802 di-

142 1821 256 1860 cunt.
297 1819 438 1861 minus
461 1821 571 1863 idem
592 1822 783 1877 proderit
804 1823 849 1864 in
871 1824 1122 1879 ediscendis,
1153 1840 1259 1880 quae
1281 1826 1487 1868 orationis
1507 1831 1737 1882 perpetuae

90 1897 122 1922 25
141 1889 287 1928 erunt:
327 1903 427 1929 nam
460 1891 501 1930 et
532 1904 680 1932 sensus
710 1905 798 1933 non
830 1892 1006 1933 eandem
1038 1893 1272 1948 imaginem
1304 1909 1430 1949 quam
1462 1909 1528 1936 res
1560 1895 1734 1951 habent,

231 2016 261 2046 7.
288 2013 331 2046 de
359 2015 461 2047 Orat.
487 2017 518 2057 ⁶2,
545 2018 600 2058 86,
627 2019 702 2053 354,
797 2023 828 2050 ξ).
857 2019 905 2051 ib.
932 2021 962 2057 2,
989 2020 1043 2057 87,
1070 2022 1146 2052 358.

1748 2108 1766 2116 x

232 2130 247 2160 1
276 2131 417 2161 conexa
443 2131 473 2167 S,
501 2133 659 2162 necaeta
684 2133 727 2171 G,
760 2142 855 2163 nexa
882 2132 989 2163 etiam
1017 2133 1163 2165 Bonnell
1302 2135 1454 2177 quodam
1488 2138 1587 2168 coria
1620 2136 1734 2179 (corio

138 2173 216 2214 MS)
243 2175 349 2216 GMS,
378 2175 533 2217 quodam
559 2176 668 2208 choro
694 2178 771 2208 edd.
798 2182 879 2208 uett.
903 2178 987 2217 fort.
1005 2182 1192 2220 tamqnam
1213 2180 1347 2212 chorea
1416 2192 1484 2213 neo
1504 2184 1735 2216 0110018011-

139 2220 222 2251 nell:
248 2224 402 2252 onerant
427 2222 492 2261 GS,
520 2225 672 2253 enerant
696 2223 740 2261 M,
770 2233 814 2254 nc
842 2226 964 2254 errent
989 2225 1068 2256 edd.
1093 2229 1174 2256 nell.
1308 2228 1327 2257 2
1355 2230 1621 2268 consequentia
1647 2230 1732 2260 GM:

138 2266 331 2306 sequentia
358 2267 407 2301 ὃς
513 2266 589 2298 sola
614 2268 649 2297 M
765 2270 784 2299 3
811 2272 847 2299 et
872 2268 1012 2300 urbium
1039 2271 1092 2303 erl.
1123 2270 1236 2311 Camp.
1263 2275 1302 2302 ut
1326 2272 1469 2303 urbium
1497 2273 1577 2314 GM,
1605 2274 1733 2306 aduer-

137 2310 236 2341 bium
262 2312 281 2340 S
373 2312 394 2342 4
419 2310 497 2342 fieri
522 2313 574 2342 M:
603 2311 701 2344 fieris
726 2312 818 2354 pieri
844 2312 954 2354 (pirei
978 2315 1012 2355 S)
1041 2316 1107 2354 GS,
1132 2316 1217 2355 fort.
1243 2316 1321 2348 fieri
1347 2317 1499 2358 perinde
1596 2319 1690 2360 finge
1713 2322 1731 2351 S

228 2358 247 2386 5
276 2358 312 2386 et
336 2357 469 2388 addidit
495 2357 624 2389 Gesner
740 2359 758 2389 6
784 2368 893 2390 uoces
918 2360 999 2390 MS:
1032 2370 1122 2391 uoce
1149 2361 1192 2400 G,
1220 2364 1329 2393 notae
1355 2364 1431 2394 edd.
1456 2368 1536 2395 zcett.
1562 2368 1595 2395 et
1620 2373 1641 2399 ς

138 2403 221 2431 sunt
247 2401 323 2432 edd.
349 2405 429 2433 zcelt.
457 2412 516 2434 om.
544 2402 640 2437 libri,-
665 2402 835 2445 fingenda
860 2407 957 2445 sunt,
985 2405 1116 2446 quibus
1136 2416 1179 2437 ea
1205 2406 1337 2441 (mediis
1355 2408 1433 2448 om..)
1456 2410 1542 2441 coni.
1564 2409 1732 2453 Spalding]

229 2447 247 2477 7
275 2456 368 2486 quae
395 2457 455 2479 om.
482 2449 501 2478 S
617 2450 636 2479 9
663 2448 787 2480 fuerat
812 2450 908 2480 GMS
1002 2451 1157 2482 utendus
1183 2453 1218 2481 Μ
1336 2454 1376 2484 lo
1403 2453 1516 2485 modis
1543 2456 1639 2485 GMS

137 2491 349 2532 imagiginis
376 2493 413 2528 G,
439 2492 619 2535 imagines
644 2494 663 2523 S
804 2496 841 2526 11
870 2496 1065 2536 agentibus
1090 2515 1135 2520 »-
1160 2497 1403 2539 celeriterque
1429 2509 1491 2530 om.
1516 2501 1551 2530 M
1677 2502 1730 2532 in—

137 2536 356 2578 signitisque
383 2538 436 2568 GS
553 2540 593 2569 12
619 2548 831 2580 percurrere
860 2541 1016 2572 animum
1042 2542 1103 2571 MS
1197 2543 1338 2583 possint
1364 2545 1401 2574 S:
1428 2545 1544 2586 possit
1570 2547 1639 2577 GM

137 2582 178 2613 13
203 2581 312 2613 miror
338 2582 433 2623 quod
457 2584 602 2615 malebat
626 2584 793 2626 Spalding]
887 2587 927 2617 14
954 2587 1113 2618 tricenos
1140 2588 1206 2628 GS,
1235 2588 1361 2620 tricies
1387 2590 1421 2619 M
1514 2590 1616 2622 loeus
1643 2593 1668 2622 G

138 2628 178 2658 15
203 2636 307 2658 suam
333 2629 447 2660 GMS:
475 2638 541 2660 sna
567 2631 642 2661 cod.
672 2630 767 2662 Goth.
793 2631 960 2671 probante
986 2631 1187 2674 Spaldinyz'o
1299 2635 1338 2666 17
1363 2634 1411 2665 Et
1436 2635 1581 2675 quidem
1605 2637 1639 2667 M

135 2672 309 2713 probasse
333 2674 352 2703 S
445 2677 486 2705 ut
511 2675 588 2706 edd.
612 2680 694 2706 nell.
722 2679 785 2706 aut
811 2676 906 2706 GMS
1002 2679 1041 2709 19
1066 2677 1104 2708 in
1130 2678 1186 2709 his
1205 2679 1302 2709 GMS
1397 2679 1601 2713 didicerunt
1620 2683 1727 2723 GMS,

136 2717 304 2759 digerunt
330 2718 507 2760 Spaldingy,
533 2721 605 2761 ipse
630 2722 737 2752 malim
762 2720 978 2763 delegerunt
1000 2723 1070 2754 siue
1092 2725 1207 2764 polius
1232 2724 1440 2766 ‹lilegerunt
1568 2737 1728 2759 mensam

135 2772 196 2794 om.
223 2764 242 2793 S
335 2765 378 2796 20
403 2768 526 2796 utatur
550 2767 568 2795 S
663 2769 699 2797 et
724 2777 784 2800 om.
811 2767 857 2808 M⁷
884 2770 924 2798 ut
940 2769 959 2797 S
1053 2768 1231 2810 pulpitum
1256 2769 1419 2801 Bormell:
1445 2771 1614 2813 populum
1632 2774 1727 2804 GMS

136 2806 214 2847 (secl
237 2809 290 2840 GS
312 2820 377 2851 per
402 2811 610 2851 compend),
644 2811 831 2852 puluinum
865 2813 943 2843 edd.
974 2818 1052 2846 nell.
1195 2818 1231 2845 et
1256 2816 1309 2846 sic
1335 2817 1400 2847 ΞΤ
1427 2818 1471 2854 G,
1505 2820 1541 2848 et
1574 2819 1604 2849 si
1631 2823 1729 2850 esset

136 2855 233 2892 (esse
259 2854 306 2894 M)
334 2855 395 2885 MS
489 2855 699 2898 relegantes
717 2858 812 2887 GMS
905 2859 945 2888 21
973 2862 1012 2889 ut
1030 2860 1048 2888 S
1142 2864 1342 2901 posuerunt
1358 2861 1435 2892 MS:
1463 2864 1652 2903 posuerint
1669 2865 1727 2899 (ἃς

226 2898 398 2931 sorsitant
423 2901 492 2932 hoc
519 2902 557 2940 G,
585 2902 740 2933 forsitan
767 2902 834 2933 heo
860 2904 892 2944 S,
921 2903 1076 2935 forsitan
1101 2904 1139 2936 in
1164 2904 1232 2936 hoo
1258 2906 1292 2936 M
1397 2908 1438 2937 22
1466 2910 1672 2941 auctionem
1699 2912 1726 2941 G

224 2944 453 2978 uendidisset
478 2948 571 2978 GMS
664 2948 706 2979 23
734 2947 774 2986 Q.
802 2959 881 2980 7108:
907 2958 999 2989 quae
1026 2950 1064 2990 G,
1091 2960 1159 2991 que
1184 2951 1230 2990 M,
1257 2962 1317 2984 om.
1345 2953 1364 2982 S
1390 2957 1422 2983 et
1447 2954 1522 2985 edd.
1601 2955 1727 2987 dicunt

135 2989 206 3020 GS:
234 2989 370 3022 debent
394 2992 428 3021 M
522 2994 563 3024 ‘25
591 2992 718 3024 eadem
746 2994 842 3024 GMS

1387 3054 1425 3085 IS
1437 3053 1452 3069 '³²
