1955 3228
877 106 1046 138 85—97.
1585 94 1664 135 199

88 219 284 274 produnt.
343 215 574 264 curandum
603 213 847 268 praecipue,
888 211 998 266 quod
1035 209 1296 265 fingentibus
1326 208 1569 262 frequenter
1599 221 1666 248 ex·
1680 208 1734 250 90

30 304 33 306 ·
89 285 203 339 cidit,
235 299 288 326 ne
309 298 391 338 qua
411 283 524 324 inter
544 296 587 323 se
617 282 830 336 pugnent:
863 278 1070 333 quaedam
1091 277 1204 318 enim
1224 275 1418 330 partibus
1440 275 1665 316 blandiun-

89 356 176 406 tur,
215 352 287 393 sed
325 351 371 392 in
409 364 614 391 summam
652 362 739 389 non
778 346 1070 388 consentiunt:
1108 346 1328 399 praeterea
1366 357 1419 384 116
1449 343 1521 397 118,
1560 356 1666 397 quae

89 435 187 462 uera
218 434 307 462 esse
339 418 561 472 constabit,
594 417 768 458 aduersa
789 414 896 455 sint:
927 413 971 454 in
993 412 1137 454 schola
1165 411 1307 464 etiam,
1340 425 1393 451 ne
1416 410 1529 451 color
1550 412 1668 451 extra

55 505 70 530 5
89 488 278 530 themata
308 487 545 541 quaeratur.
604 483 824 537 utrobique
864 482 1005 522 autem
1045 481 1186 520 orator
1221 478 1462 519 meminisse
1500 477 1670 518 debebit
1682 478 1727 520 91

91 557 256 597 actione
286 556 376 595 tota
386 586 396 608 ,
436 553 534 608 quid
572 551 761 604 finxerit,
802 548 999 603 quoniam
1037 547 1173 588 solent
1204 545 1394 586 excidere
1425 559 1530 598 quae
1560 544 1669 585 falsa

90 625 209 665 sunt:
241 635 467 676 uerumque
499 622 562 662 est
590 618 706 673 illud,
737 617 846 672 quod
875 615 1004 670 uulgo
1035 614 1208 666 dicitur,
1240 612 1487 653 mendacem
1516 627 1668 653 memo-

90 705 177 732 rem
209 704 297 732 esse
329 690 533 743 oportere.
576 687 756 741 sciamus
778 686 931 737 autem,
965 683 1000 723 si
1031 682 1080 723 de
1111 682 1254 722 nostro
1284 679 1398 720 facto
1429 682 1667 734 quaeratur,
1683 681 1737 723 92

92 772 222 799 unum
252 757 373 798 nobis
406 754 562 810 aliquid
594 768 683 795 esse
705 752 948 794 dicendum:
981 750 1016 791 si
1037 750 1086 790 de
1109 748 1261 801 alieno,
1294 746 1494 788 11111·“1;616
1483 761 1527 787 111
1549 747 1670 801 plura

41 843 72 868 10
92 825 349 880 suspiciones
370 824 509 865 licere.
553 824 616 864 est
635 823 780 862 tamen
802 818 1050 874 quibusdam
1071 815 1334 858 scholasticis
1357 815 1667 881 controuersiis,

90 894 136 936 in
173 893 323 948 quibus
359 892 531 946 ponitur
569 889 750 943 aliquem
786 901 873 928 non
921 884 1175 939 respondere
1214 882 1323 938 quod
1367 860 1668 937 interrog½atu1

90 962 264 1002 libertas
295 959 436 1001 omnia
458 956 743 1009 enumerandi,
776 969 882 1009 quae
903 952 1148 1007 responderi
1168 950 1418 1005 potuissent.
1468 949 1670 1005 fingenda
1685 951 1738 993 93

91 1043 190 1070 uero
218 1026 533 1069 meminerimus
565 1039 632 1078 ea,
671 1037 776 1078 quae
806 1036 893 1063 non
925 1020 1078 1062 cadant
1114 1020 1160 1060 in
1190 1020 1361 1060 testem:
1401 1020 1502 1058 sunt
1532 1020 1672 1058 autem

91 1096 216 1150 11366,
257 1109 361 1150 quae
393 1109 417 1134 a
445 1094 590 1134 nostro
621 1091 817 1133 dicuntur
848 1089 1009 1142 animo,
1051 1087 1167 1129 cuius
1205 1086 1287 1140 ipsi
1317 1087 1484 1126 tantum
1516 1085 1672 1127 conscii

43 1180 74 1206 15
93 1178 255 1217 sumus,
301 1163 404 1203 item
441 1160 550 1216 quod
588 1174 611 1200 a
648 1157 859 1200 defunctis
908 1156 1005 1211 (1166
1043 1154 1121 1196 1106
1163 1154 1275 1195 6111111
1313 1155 1377 1195 est
1414 1153 1485 1207 qui
1523 1154 1670 1208 neget)

91 1232 275 1286 itemque
314 1230 367 1271 ab
407 1243 475 1282 eo,
518 1227 584 1269 6111
621 1227 732 1268 idem
773 1224 966 1280 expediet
1005 1223 1058 1277 (is
1098 1222 1210 1263 enim
1239 1235 1326 1262 non
1363 1220 1578 1275 negabit),
1619 1221 1672 1261 ab

93 1297 332 1340 aduersario
362 1310 546 1352 quoque,
586 1294 684 1350 quia
720 1308 808 1335 non
847 1294 911 1333 est
948 1291 1170 1331 habiturus
1209 1289 1253 1329 111
1293 1288 1491 1343 negando
1530 1288 1668 1329 fidem.

93 1366 350 1409 somniorum
381 1368 422 1406 et
451 1363 799 1418 superstitionum
830 1359 987 1401 colores
1017 1358 1111 1412 ipsa
1140 1358 1225 1398 iam
1254 1355 1463 1398 facilitate
1495 1356 1739 1399 auctori-94

93 1437 225 1476 tatem
255 1433 540 1488 perdiderunt.
599 1421 686 1472 non
718 1431 781 1469 est
812 1429 952 1468 autem
991 1425 1093 1467 satis
1124 1425 1169 1466 in
1199 1423 1442 1465 narratione
1472 1423 1535 1464 uti
1566 1423 1672 1464 colo-

44 1520 76 1544 ·20
94 1503 231 1555 ribus,
277 1501 360 1541 nisi
398 1514 472 1554 per
517 1500 651 1539 totam
688 1496 897 1538 actionem
945 1492 1235 1546 consentiant,
1285 1506 1379 1533 cum
1424 1491 1671 1545 praesertim

94 1568 356 1625 quorundam
386 1566 579 1622 probatio
616 1564 704 1606 sola
742 1564 797 1604 sit
833 1563 879 1604 in
911 1561 1229 1602 adseueratione
1261 1561 1303 1601 et
1333 1559 1670 1613 perseuerantia:

94 1639 141 1678 ut
170 1636 240 1678 ille
270 1636 502 1690 parasitus,
543 1633 614 1688 qui
651 1635 716 1674 ter
753 1631 994 1672 abdicatum
1033 1644 1057 1670 a
1095 1628 1226 1669 diuite
1255 1628 1452 1668 iuuenem
1484 1629 1524 1667 et
1556 1626 1673 1668 abso·
1687 1629 1740 1671 95

95 1705 229 1746 lutum
267 1706 483 1758 tamquam
522 1715 643 1742 suum
680 1700 814 1740 filium
852 1697 1028 1747 adserit,
1074 1695 1250 1736 habebit
1286 1694 1454 1750 quidem
1493 1694 1673 1736 colorem

95 1787 174 1828 quo
206 1772 332 1825 dicat,
365 1773 408 1812 et
436 1770 728 1825 paupertatem
760 1766 840 1807 sibi
872 1779 1038 1806 causam
1069 1763 1306 1818 exponendi
1336 1763 1480 1816 fuisse,
1515 1764 1556 1803 et
1581 1762 1674 1803 ideo

45 1858 76 1882 25
96 1856 119 1881 a
148 1855 192 1881 se
222 1838 398 1894 parasiti
427 1851 652 1892 personam
682 1849 771 1876 esse
802 1835 1054 1888 susceptam,
1086 1832 1183 1887 quia
1213 1832 1258 1872 in
1288 1830 1361 1871 illa
1392 1830 1513 1871 domo
1540 1830 1673 1871 filium

97 1908 284 1961 haberet,
318 1908 360 1947 et
389 1906 481 1947 ideo
511 1904 630 1945 illum
660 1905 725 1943 ter
754 1902 1026 1943 innocentem
1049 1899 1302 1952 abdicatum,
1335 1897 1432 1952 quia
1462 1897 1571 1938 filius
1605 1897 1674 1938 ab·

46 2006 49 2007 7
96 1975 276 2016 dicantis
315 1988 401 2015 non
439 1974 560 2014 esset.
618 1970 701 2012 nisi
731 1972 874 2010 tamen
913 1968 958 2009 in
996 1967 1191 2013 omnibus
1228 1965 1368 2008 uerbis
1408 1968 1451 2006 et
1489 1968 1739 2008 3010161119ίὸ

95 2043 279 2098 patrium
311 2044 435 2096 atque
472 2040 591 2081 hunc
615 2037 783 2093 quidem
821 2036 1161 2078 ardentissimum
1200 2033 1432 2076 ostenderit
1463 2035 1505 2074 et
1534 2033 1674 2074 odium

97 2110 239 2152 diuitis
271 2112 312 2150 et
341 2111 500 2150 metum
530 2120 604 2163 pro
635 2106 800 2159 iuuene,
834 2119 957 2158 quem
988 2103 1220 2158 periculose
1250 2116 1495 2143 mansurum
1527 2101 1571 2141 in
1600 2100 1673 2141 illa

47 2195 78 2220 30
97 2179 232 2231 domo,
263 2177 308 2218 in
339 2191 421 2231 qua
450 2178 539 2217 tam
569 2174 730 2216 inuisus
761 2173 828 2226 sit,
862 2171 981 2225 sciat,
1013 2170 1251 2225 suspicione
1282 2169 1459 2211 subiecti
1480 2167 1673 2222 petitoris

97 2260 184 2287 non
215 2244 387 2287 carebit.

210 2312 368 2353 Euenit
398 2310 622 2365 aliquando
652 2310 697 2350 in
729 2306 990 2349 scholasticis
1022 2304 1333 2358 controuersiis,
1367 2304 1476 2358 quod
1509 2303 1551 2343 111
1582 2303 1672 2343 foro
1688 2305 1739 2346 97

100 2396 154 2421 an
184 2380 316 2434 possit
345 2378 532 2420 accidere
562 2376 730 2428 dubito,
762 2377 808 2416 ut
838 2374 982 2416 eodem
1014 2373 1148 2415 colore
1179 2375 1356 2426 utraque
1387 2385 1483 2425 pars
1514 2372 1671 2422 utatur,

191 2484 206 2513 1
235 2483 417 2523 srequeter
441 2482 466 2512 B
560 2479 696 2511 accidit
712 2479 737 2509 Τ
761 2489 852 2511 corr.
967 2479 985 2508 -2
1012 2477 1107 2509 enim
1132 2478 1177 2507 A:
1204 2487 1263 2508 om.
1281 2476 1307 2506 B
1400 2477 1419 2505 3
1444 2474 1474 2505 is
1499 2475 1530 2512 b,
1559 2473 1613 2504 his
1632 2474 1671 2510 A,

101 2539 160 2561 om.
186 2529 211 2558 B
304 2529 323 2558 5
348 2527 540 2566 utiubique
565 2525 590 2555 B
689 2525 708 2554 6
734 2523 820 2564 quid
845 2522 873 2554 A
897 2534 986 2555 (ον-1.
1013 2533 1058 2554 eae
1084 2523 1168 2564 quin
1283 2521 1300 2551 7
1326 2520 1400 2551 sint
1423 2519 1448 2549 B
1564 2520 1583 2549 9
1609 2518 1672 2548 ali>

101 2583 205 2613 quem
230 2573 255 2603 B
370 2572 473 2613 plura
497 2571 540 2601 A:
568 2569 740 2610 plurimas
764 2569 800 2606 B,
828 2568 981 2609 plurima
1008 2568 1124 2608 Zumpt
1148 2566 1340 2598 dubitanter
1466 2566 1505 2594 10
1533 2566 1671 2593 contro-

101 2618 216 2649 uersis
240 2618 277 2657 B,
304 2618 376 2648 ilem
404 2616 426 2657 S
453 2618 495 2646 97
590 2615 626 2645 11
654 2613 746 2654 quod
770 2612 815 2644 A:
843 2613 902 2654 qui
919 2614 956 2650 B,
983 2612 1028 2643 ·1(1
1054 2623 1119 2652 que
1145 2613 1165 2642 b
1260 2612 1297 2641 12
1324 2609 1384 2650 qui
1409 2609 1491 2649 (quc
1515 2609 1552 2638 b]
1580 2618 1672 2649 resp

103 2663 279 2704 potuisset
303 2663 328 2692 B
467 2661 506 2692 14
532 2660 623 2690 11366
651 2669 741 2700 quae
768 2669 789 2688 a
814 2662 934 2689 nostro
958 2657 1002 2688 A:
1037 2667 1095 2697 qu
1097 2668 1128 2688 16
1155 2660 1274 2687 nostro
1299 2655 1324 2684 B
1359 2659 1389 2685 et
1413 2655 1483 2684 rell.
1511 2663 1602 2693 quae
1631 2663 1673 2683 ex

102 2711 224 2740 nostro
249 2707 426 2738 ducuntur
452 2717 483 2736 a.
502 2705 574 2735 hm
576 2715 648 2735 man
743 2705 783 2734 15
808 2704 893 2734 item
920 2713 1011 2743 quac
1039 2713 1059 2732 a
1084 2701 1117 2732 d.
1145 2712 1210 2731 1166
1235 2700 1326 2730 11366
1351 2699 1491 2729 malebat
1510 2698 1674 2738 S'palrlinq

192 2753 252 2794 qui
276 2753 349 2783 Ab:
377 2761 470 2791 quae
494 2751 520 2781 B
615 2750 653 2779 17
681 2749 764 2788 quia
790 2748 862 2778 Ab:
890 2758 959 2788 qua
983 2748 1008 2777 B
1120 2746 1157 2776 18
1183 2745 1423 2786 souipnimum
1447 2744 1500 2782 Bg
1592 2742 1671 2773 feli-

105 2790 214 2829 citate
239 2798 264 2827 B
385 2798 426 2828 20
452 2794 684 2827 consentiant
709 2794 780 2823 Ab:
809 2793 1041 2824 consentiunt
1064 2791 1089 2821 B
1215 2791 1254 2820 21
1283 2788 1516 2830 quorumdam
1541 2786 1581 2818 A¹

105 2843 146 2872 26
171 2845 223 2873 ter
255 2843 485 2873 innocentem
510 2841 554 2871 A:
589 2841 705 2870 innoc.
735 2840 789 2869 ter
813 2838 856 2874 B,
891 2842 944 2868 tei
975 2838 1092 2869 1111106
1125 2838 1179 2867 ter
1203 2836 1241 2874 b;
1272 2835 1437 2865 sententia
1469 2836 1538 2864 est:
1570 2832 1671 2864 illuni

105 2889 169 2925 ter,
194 2896 271 2917 cum
298 2887 472 2918 innocens
498 2888 606 2924 esset,
633 2883 839 2914 abdicatum
953 2883 994 2913 ⁶27
1020 2881 1057 2911 in
1081 2880 1153 2913 Ab:
1180 2890 1241 2913 om.
1264 2880 1290 2910 B
1316 2891 1319 2895 ·
1405 2879 1446 2909 29
1471 2876 1672 2919 periculose

106 2931 176 2961 Ab:
203 2931 361 2972 periculo
385 2931 410 2962 B
503 2932 545 2962 30
570 2929 751 2961 iuuisusus
776 2928 823 2959 sit
847 2927 872 2958 B
