1939 3228
725 116 789 146 v1.
837 112 872 158 4,
896 112 953 146 22.
999 112 1033 158 5,
1058 111 1209 145 1——11‚
1690 101 1771 144 337

165 220 267 262 dum
297 223 340 261 et
369 218 500 274 quali,
532 218 853 260 narrandumne
884 219 927 260 et
957 232 1038 273 quo
1068 217 1206 271 modo,
1240 217 1331 258 iure
1352 217 1470 271 prius
1491 215 1774 272 pugnandum

166 302 222 330 an
254 301 412 343 aequo,
452 287 525 343 qui
555 286 612 328 sit
641 286 744 328 ordo
773 285 1046 341 utilissimus,
1086 287 1179 327 tum
1218 299 1365 327 omnes
1406 283 1586 339 colores,
1625 297 1773 339 aspere

166 371 222 398 an
252 356 408 398 leniter
438 370 494 397 an
525 355 654 398 etiam
685 355 907 397 summisse
938 354 1054 410 loqui
1084 354 1297 409 expediat.
1359 354 1430 395 sed
1461 353 1568 395 haec
1590 366 1769 408 quoque,
1787 354 1812 395 6

164 426 214 467 ut
242 425 419 480 quisque
449 430 598 479 passus
630 425 695 466 est
724 424 856 477 loeus,
890 423 1132 464 monuimus
1162 423 1358 477 idemque
1388 422 1434 463 in
1465 421 1629 476 reliqua
1650 422 1774 476 parte

131 507 147 534 5
166 492 387 551 faciemus,
420 506 558 547 pauca
578 494 725 534 tamen
747 491 930 546 exempli
951 491 1093 547 gratia
1115 505 1287 546 ponam,
1321 490 1472 546 quibus
1502 489 1774 531 manifestius

166 562 386 617 appareat,
420 560 521 616 quid
552 560 629 614 sit,
663 560 774 615 quod
804 559 1087 601 demonstrari
1118 574 1241 614 posse
1271 558 1511 614 praeceptis
1543 572 1631 599 non
1662 557 1773 599 arbi-

165 631 268 672 tror.
329 629 532 671 laudatur
563 628 788 673 consilium
818 627 1135 682 Demosthenis,
1170 627 1300 682 quod,
1336 641 1430 668 cum
1461 626 1658 668 suaderet
1687 625 1773 667 bel·
1792 627 1813 667 7

162 698 251 740 lum
282 697 621 740 Atheniensibus
652 711 805 752 parum
834 697 878 738 id
909 710 1110 751 prospere
1142 695 1342 750 expertis,
1376 694 1485 736 nihil
1516 694 1653 735 adhuc
1684 693 1773 735 fac-

166 768 258 809 tum
298 781 389 808 esse
428 765 594 808 ratione
625 767 850 820 monstrat,
881 766 1051 820 poterat
1082 764 1197 806 enim
1229 763 1447 806 emendari
1475 762 1774 819 neglegentia:

60 863 65 866 -
116 852 148 877 10
167 836 212 877 at
250 835 286 877 si
322 835 432 877 nihil
471 837 583 877 esset
622 836 832 889 erratum,
873 834 1060 875 melioris
1099 834 1145 874 in
1182 834 1398 888 posterum
1439 831 1528 886 spei
1566 845 1652 872 non
1686 833 1777 872 erat

56 899 59 902 Α
165 904 288 946 ratio.
350 904 463 946 idem
495 918 590 946 cum
621 904 827 945 offensam
858 904 1089 956 uereretur,
1123 902 1158 943 si
1190 902 1435 957 obiurgaret
1466 900 1610 955 populi
1634 899 1814 955 segni-8

165 972 272 1015 tiam
303 972 349 1014 in
380 972 617 1014 adserenda
647 971 846 1013 libertate
878 971 938 1013 rei
970 970 1180 1026 publicae,
1212 970 1420 1012 maiorum
1450 968 1574 1010 laude
1604 968 1666 1009 uti
1688 983 1775 1009 ma-

169 1041 264 1096 luit,
297 1040 368 1097 qui
399 1055 489 1083 rem
519 1040 736 1096 publicam
757 1040 990 1081 fortissime
1013 1039 1408 1080 administrassent:
1440 1053 1541 1079 nam
1562 1038 1605 1078 ct
1625 1036 1774 1078 faciles

166 1109 320 1152 habuit
351 1124 474 1151 aures
506 1110 549 1151 et
579 1111 733 1151 natura
765 1108 1033 1163 sequebatur,
1064 1110 1111 1148 ut
1132 1107 1308 1148 meliora
1329 1107 1552 1162 probantis
1584 1105 1774 1160 peiorum

123 1194 155 1220 15
174 1178 429 1234 paeniteret.
493 1177 710 1220 Ciceronis
749 1177 918 1232 quidem
958 1175 1025 1217 uel
1063 1190 1149 1217 una
1187 1190 1263 1231 pro
1303 1175 1498 1218 Cluentio
1544 1173 1777 1229 quamlibet
1791 1173 1816 1214 9

170 1246 315 1288 multis
348 1245 554 1301 exemplis
586 1246 771 1287 sufficiet
802 1245 952 1287 oratio.
1015 1259 1115 1286 nam
1147 1244 1256 1300 quod
1288 1244 1332 1285 in
1356 1259 1404 1286 eo
1435 1242 1659 1285 consilium
1689 1256 1777 1283 ma-

170 1315 284 1357 xime
322 1314 482 1357 mirer‘?
530 1315 768 1369 primamne
807 1313 1138 1368 expositionem,
1181 1328 1262 1368 qua
1300 1313 1450 1365 matri,
1493 1312 1610 1353 cuius
1642 1310 1778 1352 filium

169 1384 393 1439 premebat
431 1383 684 1437 auctoritas,
726 1382 904 1424 abstulit
936 1382 1094 1423 fidem?
1137 1397 1213 1435 an,
1256 1381 1367 1436 quod
1406 1380 1550 1421 iudicii
1591 1379 1780 1434 corrupti

171 1452 332 1494 crimen
369 1450 606 1493 transferre
645 1452 691 1492 in
732 1451 1021 1492 aduersarium
1061 1450 1209 1491 maluit
1249 1464 1374 1504 quam
1413 1463 1572 1503 negare
1604 1450 1778 1502 propter

118 1520 549 1574 20inueteratam,
590 1521 638 1561 ut
668 1520 759 1575 ipse
790 1520 917 1573 dicit,
958 1518 1265 1560 infamiam?
1305 1533 1380 1571 an,
1420 1517 1531 1572 quod
1562 1517 1606 1558 in
1638 1531 1683 1557 re
1714 1516 1778 1557 in-

170 1589 334 1631 uidiosa
364 1588 474 1644 legis
505 1588 661 1630 auxilio
692 1588 922 1630 nouissime
956 1590 1019 1629 est
1050 1587 1182 1628 usus?
1214 1602 1295 1642 quo
1327 1600 1484 1642 genere
1516 1585 1777 1626 defensionis

172 1657 302 1699 etiam
333 1657 581 1699 offendisset
611 1657 800 1698 nondum
822 1656 1115 1711 praemollitas
1138 1655 1325 1697 iudicum
1346 1656 1533 1695 mentes:
1566 1669 1634 1708 an,
1667 1653 1776 1708 quod

172 1741 216 1768 se
247 1726 386 1782 ipsum
418 1725 557 1767 inuito
581 1725 777 1768 Cluentio
808 1725 951 1767 facere
982 1726 1165 1766 testatus
1197 1723 1290 1765 est‘?
1350 1722 1450 1777 quid
1480 1736 1557 1777 pro
1586 1721 1847 1764 Milone?lO

172 1795 281 1850 quod
311 1809 400 1837 non
431 1795 532 1835 ante
562 1794 777 1848 narrauit,
818 1809 945 1849 quam
984 1792 1258 1848 praeiudiciis
1298 1791 1495 1832 omnibus
1528 1805 1646 1832 reum
1676 1790 1779 1831 libe-

124 1878 156 1905 25
177 1863 321 1906 raret‘?
359 1863 470 1918 quod
507 1862 760 1904 insidiarum
791 1862 998 1905 inuidiam
1030 1862 1075 1902 in
1108 1861 1302 1902 Clodium
1333 1859 1483 1913 uertit,
1522 1873 1778 1913 quamquam

133 1962 137 1963 γ
173 1946 219 1973 re
249 1946 351 1973 uera
381 1932 524 1973 fuerat
553 1946 701 1987 pugna
731 1930 941 1973 fortuita?
973 1930 1083 1985 quod
1105 1929 1267 1970 factum
1292 1931 1334 1970 et
1354 1927 1547 1969 laudauit
1570 1929 1611 1968 et
1633 1929 1778 1968 tamen

173 2000 396 2042 uoluntate
428 2000 602 2041 Milonis
624 1999 837 2042 remouit‘.>
868 1998 978 2054 quod
1001 1998 1064 2039 illi
1086 2012 1233 2052 preces
1255 2011 1343 2038 non
1367 1996 1482 2037 dedit
1505 1998 1545 2037 et
1566 1996 1611 2036 in
1634 2010 1779 2037 earum

172 2068 312 2110 locum
352 2068 443 2123 ipse
484 2068 718 2110 successit?
778 2068 995 2109 infinitum
1035 2069 1099 2108 cst
1137 2080 1398 2118 enumerare,
1438 2066 1485 2105 ut
1523 2063 1674 2106 Cottae
1713 2063 1781 2104 dc-

173 2137 354 2179 traxerit
392 2136 712 2190 auctoritatem,
754 2138 801 2177 ut
840 2149 916 2191 pro
947 2135 1120 2190 Ligario
1152 2149 1195 2176 se
1227 2133 1495 2188 opposuerit,
1538 2132 1781 2174 Cornelium

125 2221 158 2246 30
176 2204 269 2260 ipsa
303 2205 583 2247 confessionis
621 2205 777 2246 fiducia
810 2204 1027 2259 eripuerit.
1089 2203 1194 2244 illud
1226 2202 1364 2243 dicere
1397 2201 1500 2242 satis
1532 2200 1683 2254 liabeo,
1716 2200 1779 2241 ni-
1798 2201 1840 2240 11

174 2273 236 2315 hil
267 2288 357 2315 esse
392 2287 480 2315 non
510 2273 634 2315 modo
665 2274 711 2315 in
742 2273 926 2327 orando,
968 2271 1037 2313 sed
1078 2272 1124 2312 in
1166 2271 1282 2312 omni
1314 2271 1403 2311 uita
1434 2270 1553 2324 prius
1587 2268 1778 2321 consilio,

1817 1920 1847 1938 =Q

267 2381 297 2412 7.
324 2378 418 2412 Phil.
445 2378 462 2410 I
488 2379 506 2418 ξ
532 2380 562 2412 2.
656 2380 709 2411 20.
737 2379 756 2418 ξ
785 2379 813 2410 1.
908 2378 963 2410 28.
991 2377 1027 2408 in
1055 2387 1103 2408 or.
1132 2387 1165 2418 p.
1195 2375 1326 2417 Oppio,
1355 2375 1401 2406 cf.
1429 2375 1461 2415 5,
1490 2373 1540 2413 13,
1568 2374 1621 2405 30.

270 2472 286 2503 1
314 2470 415 2512 quali
439 2470 469 2501 A
493 2471 527 2502 in
551 2481 621 2504 ras.
723 2469 951 2512 pugnandum
976 2480 1019 2499 cm
1044 2478 1152 2510 aequo
1179 2467 1235 2509 qm·
1257 2466 1301 2497 sic
1325 2466 1354 2496 A
1470 2466 1489 2495 2
1517 2474 1644 2505 aspere
1671 2474 1714 2495 an
1739 2465 1783 2495 Ie-

179 2517 267 2548 niter
291 2527 335 2548 an
360 2517 459 2548 etiam
483 2517 512 2547 A
629 2517 647 2548 7
674 2515 897 2547 demostenis
923 2514 1030 2544 AGM
1146 2514 1166 2544 9
1193 2522 1273 2543 esse
1299 2512 1362 2542 Sa:
1393 2513 1448 2542 est
1472 2510 1579 2541 AGM
1684 2519 1782 2540 mon-

180 2562 313 2594 strauit
336 2572 358 2593 a
452 2563 494 2594 10
520 2561 565 2593 ad
590 2559 633 2592 A¹
730 2562 768 2592 11
797 2570 877 2591 cum
903 2560 930 2590 G
955 2570 1046 2592 corr.
1074 2570 1103 2590 m
1142 2562 1258 2589 uetere
1286 2568 1332 2589 eas
1359 2558 1425 2598 qua
1519 2557 1665 2586 ueretur
1691 2553 1734 2585 Αί

182 2608 221 2639 12
247 2605 452 2640 adserenda
477 2607 523 2638 A:
551 2606 755 2639 adferenda
781 2606 862 2645 GM,
890 2604 1077 2637 afferenda
1103 2605 1132 2640 S,
1161 2602 1359 2635 asserenda
1387 2611 1407 2632 a.
1502 2602 1541 2632 13
1568 2599 1655 2641 quid
1681 2600 1708 2630 G

179 2662 289 2695 remp.
314 2653 360 2684 A:
387 2653 500 2695 repa
526 2653 564 2692 G,
590 2662 666 2684 rem
691 2653 753 2682 MS
887 2652 927 2682 14
953 2653 991 2681 ut
1016 2651 1052 2682 S:
1082 2652 1118 2681 et
1142 2649 1249 2679 AGM
1365 2647 1564 2688 probantes
1590 2646 1667 2678 edd.

182 2699 223 2730 15
247 2698 431 2740 peniteret
454 2699 587 2729 AGMS
699 2698 739 2729 16
765 2695 928 2729 sufficiet
953 2706 989 2726 a:
1024 2694 1258 2727 sufficeretur
1282 2691 1448 2733 A(?)Gs‚
1481 2691 1711 2722 sufficientur
1736 2692 1781 2728 M,

181 2742 368 2776 sufficeret
393 2746 437 2776 al.
466 2743 655 2776 suffecerit
680 2744 732 2775 ed.
761 2743 940 2783 Spalding).
1068 2741 1107 2772 17
1135 2749 1243 2780 quam
1271 2738 1380 2769 matri
1406 2738 1503 2768 GMS
1621 2737 1661 2767 18
1689 2737 1781 2777 quod

180 2787 306 2820 iudicii
330 2789 359 2820 A
383 2790 417 2821 z'n
441 2800 512 2824 ras.
540 2799 610 2830 quo
637 2788 728 2820 dicit
753 2789 833 2829 GM,
863 2786 957 2828 quod
984 2786 1079 2817 idem
1106 2787 1124 2816 S
1256 2785 1299 2815 ⁴20
1324 2783 1509 2815 infamiam
1534 2782 1580 2821 A,
1607 2781 1783 2812 inuidiam

183 2833 250 2868 Gie.
319 2836 360 2866 21
388 2845 457 2876 quo
483 2835 519 2866 S:
548 2833 640 2876 quod
665 2835 772 2864 AGM
866 2834 908 2864 22
934 2831 1164 2863 defendisset
1188 2830 1325 2860 AGMS
1396 2830 1438 2860 23
1463 2838 1499 2859 se
1518 2854 1526 2861 .
1547 2854 1553 2860 .
1574 2829 1730 2859 testatus
1754 2828 1784 2858 A

272 2878 358 2921 quid
382 2878 482 2921 A(‘.>):
511 2879 605 2921 quod
631 2880 759 2910 GMSa
860 2879 902 2909 26
928 2887 986 2908 res
1012 2887 1102 2908 uera
1126 2876 1261 2906 AGMS
1377 2876 1418 2906 2?
1445 2873 1635 2905 uoluntate
1660 2872 1783 2913 AMg:

182 2923 410 2957 uoluntatem
434 2926 488 2956 GS
513 2931 547 2957 ec
571 2926 666 2962 dett„
694 2935 715 2956 a
739 2924 932 2957 uoluntate
958 2923 987 2954 A
1012 2932 1102 2954 corr.
1127 2920 1351 2963 probabiliter
1449 2928 1578 2961 preces
1602 2918 1644 2958 A,
1671 2916 1783 2961 pceps

183 2969 252 3000 GM
342 2971 386 3003 28
411 2970 584 3002 successit
608 2971 637 3000 A
730 2972 771 3003 31
800 2972 856 3001 est
881 2970 907 2999 G

252 3025 431 3067 QUINTIL.
452 3027 507 3060 ed.
527 3027 653 3059 HALM.
682 3026 762 3059 Vol.
781 3027 809 3059 Ι.
1468 3022 1510 3054 22
