1939 3228
796 99 840 128 x.
876 97 908 141 1,
933 95 974 127 97
986 112 1039 116 —
1053 96 1127 128 106.
1680 89 1763 131 223

167 200 382 254 candoris,
423 202 513 241 tum
553 200 597 240 in
638 200 910 242 contionibus
949 215 1078 256 supra
1115 215 1243 256 quam
1283 202 1474 243 enarrari
1511 204 1652 257 potest
1683 202 1764 244 elo—

165 268 384 321 quentem:
430 268 492 308 ita
530 282 638 322 quae
677 268 878 310 dicuntur
923 269 1067 310 omnia
1113 283 1208 310 cum
1247 269 1394 324 rebus,
1443 272 1533 311 tum
1571 273 1764 326 personis

166 335 485 377 accommodata
516 338 637 377 sunt:
677 336 871 378 adfectus
912 337 1083 392 quidem
1121 338 1432 393 praecipueque
1464 353 1533 380 eos
1562 339 1631 394 qui
1665 342 1766 381 sunt

164 402 385 458 dulciores,
416 406 464 445 ut
493 404 741 459 parcissime
773 405 935 460 dicam,
976 419 1102 446 nemo
1140 406 1439 448 historicorum
1478 408 1765 450 commodauit

129 471 314 527 amagis.
375 471 551 528 ideoque
591 472 710 514 illam
749 473 1019 515 inmortalem
1060 473 1233 515 Sallusti
1271 475 1544 517 uelocitatem
1583 475 1862 534 diuersisjm?

113 830 142 853 10

105 1516 138 1538 20

163 539 392 581 uirtutibus
440 543 693 591 consecutus
739 544 816 583 est.
878 557 976 583 nam
1024 542 1128 583 mihi
1175 543 1348 598 egregie
1396 543 1551 585 dixisse
1596 544 1763 585 uidetur

165 607 432 650 Seruilius
463 608 761 664 Nonianus,
795 624 919 664 pares
962 624 1031 651 eos
1062 610 1201 665 magis
1233 626 1359 665 quam
1391 611 1572 654 similes:
1610 613 1681 668 qui
1721 615 1762 654 et

162 676 253 731 ipse
286 692 310 718 a
340 677 464 718 nobis
497 678 666 719 auditus
698 680 784 732 est,
827 678 931 719 clari
962 678 1027 719 uir
1065 678 1231 733 ingenii
1263 681 1305 720 et
1343 681 1567 722 sententiis
1601 681 1759 736 creber,

163 744 235 786 sed
282 745 423 787 minus
466 761 638 801 pressus
684 761 811 801 quam
857 746 1061 788 historiae
1101 749 1332 789 auctoritas
1370 749 1572 803 postulat.
1635 765 1761 804 quain
1784 751 1861 793 103

162 813 337 867 paulum
383 816 523 856 aetate
577 815 837 869 praecedens
895 829 990 856 eum
1036 814 1235 857 Bassus
1279 816 1528 859 Aufidius
1573 818 1759 873 egregie,

162 881 309 936 utique
354 882 399 923 in
445 882 566 923 libris
610 882 710 924 belli
748 884 1005 938 germanici,
1051 884 1290 940 praestitit,
1338 900 1496 940 genere
1536 887 1627 941 ipso
1667 902 1761 942 pro-

161 949 330 1003 babilis,
362 951 407 991 in
439 951 637 1005 operibus
677 952 927 1005 quibusdam
965 952 1050 993 suis
1082 953 1172 1007 ipse
1204 953 1364 994 uiribus
1403 954 1554 997 minor.
1617 970 1759 1010 super·
1783 957 1860 998 104

161 1020 225 1059 est
256 1018 394 1060 adhuc
427 1021 469 1060 et
506 1021 631 1060 ornat
670 1021 826 1061 aetatis
857 1024 1027 1062 nostrae
1066 1021 1248 1075 gloriani
1279 1022 1345 1062 uir
1383 1023 1645 1064 saeculorum
1677 1039 1761 1065 me-

160 1087 295 1128 moria
334 1087 511 1142 dignus,
553 1088 625 1142 qui
665 1088 766 1129 olim
798 1090 1110 1143 nominabitur,
1146 1105 1260 1131 nunc
1292 1091 1570 1147 intellegitur.
1633 1092 1761 1134 habet

125 1172 139 1196 5
161 1158 371 1197 amatores
392 1170 472 1197 nec
495 1155 695 1198 inmerito
727 1157 960 1199 Cremuti
994 1158 1183 1212 libertas,
1216 1174 1472 1214 quamquam
1498 1160 1759 1202 circumcisis

159 1238 267 1278 quae
299 1224 454 1265 dixisse
486 1225 523 1266 ei
555 1228 780 1267 nocuerat:
814 1226 885 1267 sed
917 1226 1075 1267 elatum
1106 1227 1273 1268 abunde
1295 1228 1492 1283 spiritum
1516 1231 1557 1270 et
1580 1229 1758 1271 audaces

160 1293 397 1334 sententias
430 1292 724 1348 deprehendas
757 1295 885 1335 etiam
918 1295 963 1336 in
994 1295 1074 1349 his,
1108 1311 1214 1350 quae
1246 1300 1437 1338 manent.
1481 1301 1581 1339 sunt
1613 1300 1655 1339 et
1686 1298 1759 1339 alii

159 1360 387 1415 scriptores
427 1362 550 1416 boni,
593 1363 663 1404 sed
696 1377 774 1404 nos
805 1377 965 1418 genera
1009 1364 1306 1419 degustamus,
1348 1380 1434 1406 non
1476 1366 1757 1408 bibliothecas

160 1429 411 1471 excutimus.

274 1498 473 1540 Ora-tores
519 1514 619 1541 uero
665 1501 732 1541 uel
777 1501 1006 1556 praecipue
1052 1502 1232 1543 latinam
1279 1503 1564 1558 eloquentiam
1611 1519 1757 1559 parem
1779 1506 1858 1547 105

156 1567 297 1608 facere
344 1582 524 1622 graecae
571 1571 769 1623 possunt:
821 1585 921 1610 nam
966 1569 1273 1612 Ciceronem
1320 1572 1567 1627 cuicumque
1614 1588 1757 1614 eorum

156 1635 328 1676 fortiter
349 1637 633 1691 opposuerim.
672 1652 750 1678 nec
772 1639 938 1692 ignoro,
964 1641 1170 1693 quantam
1193 1639 1296 1680 mihi
1320 1641 1528 1682 concitem
1549 1656 1755 1697 pugnam,

158 1718 252 1744 cum
289 1705 543 1759 praesertim
581 1720 666 1747 non
706 1705 748 1747 id
780 1707 837 1747 sit
868 1707 1096 1761 propositi,
1129 1710 1177 1748 ut
1208 1723 1302 1749 eum
1335 1709 1614 1751 Demostheni
1648 1725 1756 1751 com-

155 1787 302 1827 parem
334 1773 413 1814 hoc
445 1775 657 1828 tempore:
699 1788 835 1829 neque
868 1775 981 1815 enim
1014 1776 1191 1830 attinet,
1234 1792 1325 1818 cum
1360 1778 1678 1819 le)emosthenen
1712 1779 1753 1819 in

103 1858 135 1881 25,
155 1841 304 1895 primis
350 1841 578 1897 legendum
618 1843 684 1884 uel
724 1843 996 1885 ediscendum
1042 1845 1184 1899 potius
1232 1848 1391 1900 putem.
1460 1862 1638 1901 quorum
1677 1862 1756 1903 ego
1780 1851 1856 1891 14143

245 1948 263 1977 2
290 1947 415 1988 itaque
442 1948 510 1977 GM
622 1948 813 1980 edicuntur
838 1950 864 1979 G
980 1953 999 1981 3
1025 1951 1225 1982 accomoda
1250 1956 1335 1982 sunt
1361 1953 1397 1985 G.
1425 1953 1665 1984 accomodata
1691 1953 1756 1984 sed

153 1992 199 2032 M,
228 1992 426 2024 accomoda
452 1993 515 2024 sed
541 1994 560 2023 S
655 1995 928 2036 praecipueque
956 1996 998 2026 G:
1026 1997 1223 2038 praecipue
1249 1998 1311 2027 MS
1407 2008 1449 2029 eo
1475 1999 1510 2028 M
1614 2001 1634 2029 4
1662 2010 1754 2030 com-

153 2037 317 2069 modauit
343 2049 422 2069 uos:
449 2038 720 2071 commendauit
744 2040 841 2073 libri,-
866 2042 912 2080 cf.
934 2044 985 2081 10,
1008 2044 1035 2077 1,
1056 2045 1097 2072 m}
1115 2047 1147 2072 el
1166 2042 1333 2083 Spalding]
1443 2045 1462 2075 5
1489 2043 1586 2074 illam
1614 2045 1665 2075 M:
1693 2056 1753 2076 om.

153 2084 219 2122 GS‚
249 2083 402 2117 inuuort,
430 2084 529 2115 illam
557 2094 577 2119 ς
694 2086 824 2116 salusti
851 2087 887 2119 G.
916 2086 1062 2117 salustii
1087 2088 1134 2128 M,
1162 2088 1337 2119 salustius
1363 2090 1382 2118 S
1477 2090 1695 2122 ciuilitatem
1723 2092 1775 2125 S>

154 2128 360 2160 claritatem
391 2130 463 2163 lue,
491 2131 678 2170 *S'clzlen'qer
703 2133 796 2172 apud
822 2130 985 2163 Osammm
1004 2135 1100 2172 5,,·22
1232 2135 1252 2165 8
1279 2135 1356 2175 ipse
1383 2146 1443 2169 om,
1472 2137 1491 2165 S
1608 2137 1754 2167 auditus

154 2177 190 2204 et
216 2175 250 2204 M
390 2175 482 2207 clari
511 2176 566 2206 uir
592 2177 733 2217 ingenii
758 2178 836 2210 edd.
864 2182 1017 2209 ueterss:
1051 2177 1186 2210 clarius
1212 2179 1353 2220 ingenii
1379 2181 1422 2220 G,
1458 2180 1577 2211 clarus
1605 2182 1752 2222 ingenio

152 2221 224 2257 MS,
253 2220 343 2251 elati
370 2222 425 2251 uir
451 2221 590 2262 ingenii
616 2222 783 2263 Spalding
863 2223 990 2254 creber
1016 2224 1057 2254 G:
1086 2224 1246 2256 crebrior
1272 2226 1333 2255 MS
1427 2228 1445 2257 9
1473 2237 1663 2267 expressus
1689 2229 1708 2257 S

152 2275 257 2305 qnam
284 2267 336 2297 M:
365 2276 437 2307 qua
463 2267 500 2304 G,
530 2267 615 2308 quia
643 2268 674 2307 S,
702 2277 805 2308 quem
834 2269 915 2299 deu.
941 2270 1046 2309 pauci
1168 2272 1208 2301 10
1233 2271 1459 2311 praecedens
1486 2284 1545 2303 om.
1575 2273 1594 2302 S
1714 2275 1747 2304 11

152 2311 248 2352 ipsos
275 2312 301 2342 G
397 2313 436 2342 12
463 2312 498 2342 iu
526 2313 697 2354 operibus
725 2313 941 2353 quibusdam
969 2314 1050 2345 Car.
1078 2314 1164 2346 Rollz
1189 2317 1317 2347 sodalis
1341 2318 1515 2348 seminarii
1537 2319 1654 2358 philol.
1677 2319 1752 2349 Mn—

152 2358 325 2388 umvnsw’s:
352 2357 387 2387 in
414 2357 580 2389 omnibus
607 2358 823 2399 quibusdam
850 2359 918 2399 GS‚
947 2359 983 2390 in
1011 2360 1187 2396 omnibus,
1215 2360 1276 2392 sed
1303 2362 1339 2392 in
1366 2362 1582 2403 quibusdam
1608 2364 1671 2398 Μς

152 2403 226 2433 suis
254 2403 330 2443 ipse
357 2402 495 2434 uiribus
522 2404 575 2444 ed.
606 2404 674 2435 Col.
701 2406 810 2435 1527:
836 2405 891 2435 uis
919 2406 997 2446 ipse
1024 2404 1120 2446 (ipsa
1146 2407 1178 2445 S)
1207 2406 1347 2438 uiribus
1373 2408 1439 2441 GS‚
1467 2408 1607 2440 iuribus
1633 2410 1669 2438 M

151 2449 316 2488 superior
343 2448 420 2479 eius
449 2448 565 2480 adhoc
592 2450 611 2479 S
712 2451 752 2481 13
780 2454 815 2481 et
841 2457 947 2481 ornat
971 2451 1023 2481 M:
1053 2455 1203 2492 exornat
1231 2453 1295 2488 GS‚
1325 2456 1360 2483 et
1386 2458 1539 2484 exornat
1564 2463 1584 2487 ς
1680 2466 1752 2486 me-

153 2494 263 2524 morie
289 2495 308 2523 S
414 2495 454 2525 14
480 2494 618 2526 habent
645 2496 663 2524 S
782 2497 822 2527 15
847 2506 915 2526 nec
942 2497 1111 2529 inmerito
1138 2496 1300 2529 Cremuti
1327 2498 1530 2539 Nipperdey
1555 2499 1604 2541 (in
1630 2501 1749 2532 J'ln'lol.

151 2540 180 2574 (ἰ,
202 2539 304 2579 1057.-
331 2549 399 2570 uec
425 2540 594 2571 inmerito
621 2551 768 2572 re11]***
787 2541 839 2572 uti
868 2542 1093 2581 (rcmremuti
1117 2548 1194 2574 ante
1219 2546 1389 2583 rasnmmz)
1409 2545 1447 2582 G,
1473 2555 1540 2576 nec
1569 2545 1750 2577 immerito

150 2585 285 2615 remitti
310 2585 341 2623 S,
369 2595 436 2616 nec
462 2585 667 2617 imitatores
693 2586 728 2616 M
860 2588 899 2618 16
925 2588 1061 2620 dixisse
1089 2589 1122 2620 ei
1149 2592 1325 2620 nocuerat
1351 2590 1393 2622 G:
1422 2589 1574 2622 dixisset
1601 2591 1659 2621 uel
1687 2602 1751 2622 uo-

151 2630 269 2661 cuerit
285 2630 367 2669 MS3
394 2631 427 2662 in
454 2632 531 2662 edd.
558 2631 705 2663 omnibus
730 2633 822 2663 loeus
847 2633 956 2664 adhuc
980 2635 1119 2665 nilz'osns
1144 2635 1265 2675 leyilew
1335 2635 1398 2666 scd
1426 2635 1560 2666 elatum
1588 2638 1664 2668 edd.
1692 2649 1749 2668 m·-

152 2680 260 2707 le1·e.s·:
287 2686 324 2707 se
346 2675 480 2707 elatum
502 2676 631 2716 (latum
651 2676 694 2719 G)
714 2678 794 2713 GM,
822 2688 860 2709 se
880 2678 955 2710 late
975 2680 994 2709 S
1090 2684 1126 2711 et
1144 2681 1187 2713 G:
1215 2684 1254 2711 ut
1271 2681 1334 2710 MS
1430 2683 1470 2713 17
1489 2681 1749 2722 depraehenda

149 2721 210 2752 sed
240 2722 310 2752 iam
338 2723 373 2752 in
400 2722 455 2753 liis
481 2723 508 2753 G
534 2723 882 2765 (deprieloendenda
907 2735 998 2758 corr.
1025 2736 1064 2758 ηι,
1082 2725 1128 2765 2),
1155 2725 1405 2766 deprehendas
1432 2727 1495 2757 sed
1523 2727 1592 2758 iam
1620 2725 1748 2769 (etiam

151 2766 220 2797 iam
246 2767 294 2807 M)
322 2768 356 2798 in
385 2768 440 2798 his
466 2769 528 2798 MS
622 2770 664 2800 20
689 2769 889 2810 praecipue
916 2770 973 2801 ucl
1001 2771 1020 2800 S
1115 2773 1151 2802 21
1182 2776 1334 2812 possunt
1359 2772 1441 2811 Mg:
1470 2773 1610 2813 possint
1637 2774 1691 2804 GS

150 2812 316 2844 cicerone
343 2814 413 2844 GM
509 2825 629 2845 corum
657 2817 700 2845 G:
728 2825 852 2845 uerum
879 2817 924 2855 M,
953 2816 1031 2847 foro
1057 2818 1076 2847 S
1176 2818 1217 2847 22
1246 2820 1427 2858 quamtam
1455 2818 1540 2849 mihi
1568 2819 1747 2850 concitem

151 2867 305 2898 pugnam
335 2869 413 2889 cum
442 2861 621 2891 concitem
650 2871 728 2891 (eum
756 2862 971 2901 praesertim
999 2861 1025 2892 G
1141 2864 1182 2893 2²5
1209 2873 1278 2893 non
1306 2862 1339 2893 id
1366 2864 1414 2894 sit
1439 2863 1508 2897 GS:
1543 2863 1577 2895 id
1604 2875 1674 2895 non
1700 2866 1749 2896 sit

148 2903 195 2940 M,
223 2913 291 2934 non
319 2905 365 2934 sit
390 2904 425 2935 id
452 2908 493 2938 ul,
598 2907 641 2937 ⁴24
666 2906 889 2938 demostheni
917 2908 963 2947 M⁷
991 2907 1268 2940 demosehenem
1296 2909 1315 2938 S
1407 2910 1465 2951 *⁶25
1494 2909 1553 2941 uel
1581 2909 1746 2942 ediscen-

149 2947 229 2979 dum
256 2960 316 2980 om.
345 2950 364 2980 S
