1939 3228
660 123 757 152 vm.
791 122 824 165 3,
849 121 1018 154 81—90.
1065 122 1098 168 4,
1125 123 1250 156 1——2.
1696 119 1750 160 85

275 222 373 263 Non
403 212 548 264 tamen
579 223 682 265 satis
714 225 979 280 eloquentiae
1011 229 1075 268 est
1106 242 1177 281 ea,
1211 228 1260 269 de
1292 229 1441 283 quibus
1473 229 1601 284 dicat,
1637 230 1748 272 clare

163 291 288 344 atque
319 290 537 331 euidenter
567 291 807 346 ostendere,
848 294 921 334 sed
960 297 1059 336 sunt
1095 296 1217 336 multi
1256 310 1306 337 ac
1343 297 1451 338 uarii
1492 298 1746 340 excolendae

162 357 365 398 orationis
397 358 522 399 modi.
583 374 683 400 nam
722 360 814 415 ipsa
853 361 926 402 illa
966 362 1144 415 ἀφέλεια
1186 363 1363 418 simplex
1403 367 1445 406 et
1481 365 1810 409 inadfectatae?

160 423 291 466 habet
320 426 530 480 quendam
550 441 716 481 purum,
749 428 884 482 qualis
907 429 1035 470 etiam
1066 430 1110 471 in
1130 431 1301 472 feminis
1325 436 1502 487 amatur,
1534 436 1744 489 ornatum,

125 494 203 533 5et
240 495 340 534 sunt
378 494 584 548 quaedam
629 495 745 536 uelut
792 510 812 536 e
858 497 974 538 tenui
1021 497 1245 553 diligentia
1293 499 1404 541 circa
1443 501 1746 555 proprietatem

160 560 600 616 significationemque
631 563 878 604 munditiae.
942 564 1024 605 alia
1057 566 1177 620 copia
1207 566 1414 621 locuples,
1458 568 1541 609 alia
1572 568 1745 610 fioribus

157 627 282 668 laeta.
344 628 497 669 uirium
527 644 614 670 non
645 645 777 671 unum
815 646 972 686 genus:
1010 648 1110 673 nam
1150 634 1352 689 quidquid
1391 635 1436 676 in
1474 650 1549 677 suo
1587 651 1743 692 genere
1759 638 1812 680 88

158 695 265 736 satis
298 696 492 737 effectum
524 699 609 751 est,
652 689 780 739 ualet.
841 700 1071 755 praecipua
1101 703 1246 742 tamen
1279 702 1366 743 eius
1398 717 1525 757 opera
1557 705 1744 748 δείνωειε

156 763 201 803 in
233 764 533 819 exaggeranda
563 765 822 820 indignitate
855 769 896 808 et
925 769 972 809 in
996 769 1145 810 ceteris
1179 769 1356 811 altitudo
1379 771 1600 825 quaedam,
1635 788 1742 825 φαν-

107 831 273 873 1ωταεία
309 831 354 872 111
395 832 683 886 concipiendis
722 834 974 889 uisionibus,
1024 837 1235 888 ἐξεργαεία
1279 837 1324 878 111
1367 838 1590 880 efficiendo
1626 841 1744 882 uelut

156 912 280 952 opere
312 900 548 954 proposito,
591 901 656 942 cui
699 902 879 943 adicitur
917 904 1206 958 ἑπεέεργαεία,
1243 905 1440 959 repetitio
1478 907 1741 961 probationis

155 966 340 1007 eiusdem
372 969 414 1008 et
446 969 633 1010 cumulus
656 984 705 1011 ex
727 970 978 1025 abundanti,
1014 973 1205 1024 ἐνέργεια
1227 973 1405 1015 confinis
1436 974 1501 1016 his
1525 975 1608 1030 (est
1629 976 1741 1017 enim
1757 978 1809 1019 89

156 1034 208 1074 ab
247 1035 412 1089 agendo
450 1036 580 1090 dicta)
620 1039 663 1078 et
701 1038 817 1079 cuius
856 1039 1026 1094 propria
1065 1040 1120 1081 sit
1159 1040 1316 1094 uirtus,
1357 1056 1444 1083 non
1483 1057 1593 1098 esse,
1634 1058 1740 1098 quae

153 1101 364 1156 dicuntur,
398 1103 546 1144 otiosa.
609 1107 673 1145 est
704 1107 745 1146 et
777 1121 967 1148 amarum
998 1107 1218 1162 quiddam,
1259 1109 1368 1164 quod
1397 1110 1485 1151 fere
1517 1111 1561 1152 in
1595 1113 1739 1153 contu-

103 1186 133 1210 15
153 1169 279 1211 melia
311 1172 375 1211 est
403 1171 609 1226 positum,
643 1172 766 1228 quale
799 1173 935 1216 Cassi:
976 1176 1098 1230 quid
1137 1176 1326 1230 facies,
1369 1191 1475 1218 cum
1514 1178 1567 1219 in
1607 1180 1739 1221 bona

151 1239 240 1278 tua
271 1238 540 1293 inuasero,
581 1239 674 1281 hoc
706 1243 805 1296 est,
846 1257 955 1283 cum
985 1245 1033 1284 te
1065 1243 1291 1285 docuero
1329 1246 1539 1287 nescire
1578 1247 1738 1289 male-

152 1305 359 1347 dicere?
404 1309 445 1347 et
477 1321 585 1362 acre,
619 1311 665 1349 ut
694 1309 798 1350 illud
829 1310 992 1352 Crassi:
1044 1326 1138 1367 ego
1170 1314 1218 1353 te
1251 1313 1517 1354 consulem
1547 1317 1736 1370 putem,

153 1388 259 1414 cuni
291 1376 345 1414 tu
376 1389 448 1416 me
480 1390 583 1416 non
612 1374 763 1430 putes
805 1379 1136 1421 senatorem?
1186 1380 1257 1422 sed
1296 1381 1359 1421 uis
1391 1381 1569 1422 oratoris
1600 1384 1737 1425 omnis

149 1439 193 1481 in
226 1442 420 1497 augendo
450 1443 762 1499 minuendoque
794 1446 1000 1488 consistit.
1063 1447 1231 1503 utrique
1262 1449 1371 1502 parti
1404 1449 1580 1491 totidem
1609 1451 1736 1506 modi,

98 1524 130 1549 20
149 1522 199 1549 ex
238 1510 387 1563 quibus
427 1511 676 1566 praecipuos
714 1514 994 1569 attingemus:
1047 1515 1195 1571 reliqui
1241 1516 1397 1558 similes
1444 1520 1588 1571 erunt,
1637 1521 1736 1561 sunt

149 1579 290 1618 autem
325 1578 452 1631 positi
482 1579 526 1620 in
559 1580 681 1621 rebus
715 1583 754 1621 et
793 1582 946 1624 uerbis.
1008 1583 1080 1624 sed
1122 1598 1229 1638 quae
1268 1585 1325 1626 sit
1362 1600 1501 1626 rerum
1541 1585 1735 1629 inuentio
1749 1591 1803 1632 90

149 1658 198 1685 ac
228 1645 348 1699 ratio,
383 1647 682 1689 tractauimus:
713 1664 842 1704 nunc,
876 1650 974 1705 quid
997 1651 1177 1693 elocutio
1208 1652 1376 1694 attollat
1408 1655 1480 1694 aut
1511 1654 1733 1708 deprimat,

147 1711 384 1754 dicendum.

258 1780 331 1822 IV.
372 1781 515 1824 Prima
547 1786 610 1825 est
640 1784 772 1839 igitur
804 1787 1092 1841 amplificandi
1123 1788 1188 1829 uel
1228 1789 1448 1830 minuendi
1488 1790 1649 1844 species
1687 1791 1731 1831 in

55 1858 62 1865 ‘
95 1862 127 1887 25
145 1848 237 1902 ipso
268 1849 328 1890 rei
360 1851 546 1905 nomine,
581 1853 628 1893 ut
659 1867 751 1893 cum
783 1869 898 1908 eum,
937 1855 1008 1909 qui
1040 1856 1095 1897 sit
1127 1870 1293 1910 caesus,
1335 1857 1580 1911 ‘occisum’,
1623 1873 1729 1913 eum,

86 1961 90 1963 ,
146 1917 216 1969 qui
247 1917 303 1958 sit
332 1917 549 1973 inprobus,
586 1919 858 1976 ³latronem',
894 1925 1122 1978 contraque
1154 1938 1261 1978 eum,
1294 1925 1363 1979 qui
1394 1925 1604 1979 pulsauit,
1647 1928 1731 1967 ‘at-
1764 1943 1782 1952 ⁸

144 1984 337 2039 tigisse',
378 1986 448 2040 qui
487 1987 750 2042 uulnerauit,
801 1990 1016 2032 ‘laesisse’
1056 1991 1246 2033 dicimus.
1317 1993 1533 2047 utriusque
1570 1994 1732 2048 pariter

143 2052 379 2106 exemplum
412 2056 475 2095 est
504 2069 581 2109 pro
602 2055 660 2096 M.
685 2056 847 2099 Caelio:
880 2058 924 2099 si
953 2059 1109 2100 uidua
1140 2060 1327 2114 libere,
1360 2063 1614 2116 proterua
1645 2077 1730 2117 pe-

143 2119 400 2174 tulanter,
436 2121 578 2163 diues
611 2123 801 2178 effuse,
836 2125 1127 2168 libidinosa
1159 2129 1463 2170 meretricio
1484 2143 1622 2170 more
1655 2130 1728 2171 ui-

93 2189 304 2241 30ueret,
339 2188 635 2231 adulterum
668 2206 760 2247 ego
790 2195 1046 2248 putarem,
1079 2195 1386 2250 siquihanc
1406 2197 1564 2251 paulo
1596 2198 1726 2239 libe-

142 2253 250 2295 rius
289 2255 616 2299 salutasset?
684 2274 785 2300 nam
817 2262 859 2301 et
888 2261 1133 2315 inpudicam
1170 2264 1434 2306 meretricem
1472 2265 1641 2307 uocauit
1685 2268 1766 2311 et2

229 2338 282 2369 28.
311 2348 341 2370 c.
370 2339 421 2377 16,
448 2340 502 2370 38.

232 2406 247 2435 1
275 2405 484 2447 eloquentia
510 2409 563 2438 est
589 2417 631 2439 ea
656 2409 703 2446 Μ,
730 2408 942 2450 eloquentia
968 2421 1011 2442 ea
1028 2411 1094 2447 Ab,
1124 2411 1356 2452 eloquentiae
1378 2424 1419 2444 ea
1438 2424 1458 2444 a
1551 2416 1570 2447 3
1589 2420 1724 2456 ειφεΑῙΑ

140 2450 177 2489 B,
204 2456 326 2491 aspema
349 2452 378 2482 A
470 2452 489 2483 5
515 2452 616 2483 uelut
643 2465 660 2485 0
686 2454 729 2484 B:
757 2454 870 2485 ueluti
894 2456 992 2487 AMb
1019 2454 1095 2496 (sed
1119 2457 1174 2487 uti
1195 2455 1225 2487 A
1249 2458 1282 2489 z'n
1308 2457 1394 2499 ras.)
1495 2460 1513 2490 6
1540 2460 1724 2502 significa-

139 2495 338 2537 tionequce
366 2496 569 2528 mundiciae
594 2499 623 2528 A
737 2499 904 2541 locuplex
929 2502 958 2532 A
1072 2503 1092 2533 8
1119 2501 1277 2533 efer-tum
1303 2504 1356 2543 Bg
1380 2509 1413 2535 nt
1439 2505 1583 2546 uidetur,
1612 2506 1724 2538 affee—

140 2543 212 2571 11111]
238 2543 272 2571 M
356 2551 526 2575 aennon(
554 2543 604 2582 Bg
691 2545 731 2576 10
757 2554 949 2577 εΞεΡΤᾼειΑ
974 2547 1011 2583 Β,
1040 2555 1229 2580 exem-Acta
1253 2549 1293 2586 A,
1319 2550 1382 2580 sed
1405 2559 1425 2579 N
1453 2555 1485 2581 el
1511 2560 1526 2579 Γ
1552 2551 1584 2581 in
1607 2562 1675 2583 ras.

142 2586 179 2615 11
206 2596 281 2628 rep.
301 2589 477 2628 propositi
498 2588 656 2620 eiusdem
677 2591 761 2621 coni.
784 2592 931 2632 Happel,
958 2597 993 2623 at
1013 2593 1170 2631 siv-malm*
1188 2593 1411 2633 probationis
1438 2595 1567 2627 Aneed.
1595 2608 1723 2638 quoquc·

140 2630 250 2662 Paris.
276 2634 383 2672 ρ.14,
405 2635 426 2664 3
542 2642 778 2667 εΠελειΤΑειΑ
804 2637 832 2666 A
936 2639 988 2673 ⁷13
1016 2636 1124 2668 ducta
1151 2638 1220 2668 BM
1336 2640 1383 2670 sit
1406 2639 1529 2671 ABM:
1556 2652 1615 2674 om.
1641 2643 1665 2673 Τ
1690 2648 1724 2674 et

140 2676 191 2709 ecl,
221 2676 331 2718 Cmnp.
450 2680 489 2709 142
515 2679 637 2710 ociosa
661 2680 714 2719 Bg
739 2685 771 2711 et
794 2682 826 2712 in
851 2691 920 2712 ras.
948 2683 976 2712 A
1070 2686 1105 2713 et
1132 2693 1191 2714 om.
1217 2684 1314 2713 AMb
1425 2695 1492 2725 quo
1518 2686 1551 2716 id
1580 2687 1657 2718 fere
1683 2688 1720 2726 B,

139 2729 207 2750 cum
234 2721 309 2752 fere
335 2723 374 2759 A,
402 2724 548 2755 confere
574 2725 606 2763 b,
635 2725 801 2756 conferre
827 2727 862 2755 M
957 2728 996 2758 15
1023 2727 1131 2767 cassi]
1157 2729 1205 2758 sic
1228 2729 1291 2759 AB
1397 2730 1437 2760 16
1464 2730 1531 2761 hoe
1555 2732 1598 2763 B:
1627 2732 1722 2772 quod

139 2764 236 2796 AMb
329 2769 472 2800 nescire
497 2769 539 2799 B:
567 2780 627 2802 om.
653 2768 752 2801 AMb
845 2772 887 2801 20
914 2782 956 2802 ex
983 2772 1113 2812 quibus
1140 2790 1181 2794 —-
1208 2773 1313 2804 rebus
1342 2777 1379 2805 et
1405 2775 1526 2806 uerbis
1552 2788 1612 2809 om.
1639 2778 1675 2807 M

139 2810 177 2839 21
205 2811 266 2841 sed
291 2812 389 2843 AMb
415 2810 464 2853 (in
490 2815 519 2844 A
544 2814 586 2845 ed
613 2816 644 2845 in
671 2816 780 2855 ras.):
808 2818 842 2846 et
866 2816 892 2846 B
918 2822 951 2847 nt
975 2818 1060 2848 coni.
1080 2817 1246 2858 Spaldz'uy
1338 2823 1420 2850 sunt
1437 2821 1500 2851 Mb
1593 2823 1635 2853 ‘24
1662 2822 1724 2855 uel

138 2853 320 2887 minuendi
346 2868 404 2891 om.
431 2859 466 2888 M
558 2860 600 2891 ⁶25
626 2860 722 2896 relf'fi
747 2861 775 2890 A
879 2863 919 2892 27
947 2861 1007 2901 qui
1032 2861 1241 2894 uulnerauit
1266 2863 1416 2896 laesisse
1442 2875 1503 2898 om.
1528 2867 1628 2898 AMb

137 2898 177 2929 ‘28
205 2905 397 2942 propterua
422 2903 459 2941 B,
486 2907 655 2944 protei-ue
682 2906 716 2934 M
831 2907 873 2937 30
899 2906 928 2936 si
955 2907 1015 2947 qui
1039 2907 1118 2938 AB:
1146 2909 1176 2939 si
1204 2909 1282 2949 quis
1308 2917 1328 2943 ς
1433 2912 1472 2942 31
1506 2921 1588 2943 nam
1617 2915 1652 2944 et
1677 2931 1718 2935 —

136 2943 312 2978 salutasse
339 2958 399 2979 om.
424 2949 459 2978 M
551 2954 583 2981 et
607 2949 814 2991 impudicam
841 2956 872 2982 et
898 2952 1126 2983 meretricem
1150 2954 1179 2983 A
