1939 3180
121 92 205 134 414

169 213 204 239 ot
222 210 324 249 36sq.
344 208 503 247 5,10‚40;
523 208 655 247 7,2‚40;
682 207 791 247 7,3‚6;
815 208 903 247 12,2,

168 255 208 285 15
225 257 293 285 etc.
315 252 507 294 qualitatis
526 253 702 284 tractatio
723 254 812 292 7‚4,1
825 262 903 294 sqq.

167 299 348 340 qualitate
384 298 468 340 quid
503 299 714 330 excutiatur
746 299 903 339 5,13‚19;

166 355 224 386 qu.
245 344 433 386 generalis
451 344 545 384 6‚4,4
564 343 626 384 (cf.
647 354 673 376 s.
693 354 727 376 u.
747 342 904 384 status);

166 390 384 432 qualitates,
415 390 438 421 i.
466 400 497 423 e.
522 390 673 421 modiin
692 390 816 422 uerbis
838 391 903 430 1,4‚

165 437 225 475 273
242 436 354 477 1‚5,41

121 492 229 523 quam
249 481 400 512 multum
419 481 541 523 3‚6,90‚

120 527 278 569 quando,
298 537 370 558 una
390 537 433 558 ex
452 526 484 557 X
504 527 706 569 categoriis
724 528 840 567 3,6,24

120 574 325 614 quantitas,
346 583 418 604 una
438 583 482 604 ex
500 573 531 604 X
552 573 754 613 categoriis
772 573 907 612 3,6,23;

166 618 390 660 quantitatis
408 622 529 650 status
545 620 674 660 7,4,15‚
695 622 908 650 controuer-

165 666 244 697 siae
264 665 377 705 7‚4‚41
390 674 470 706 sqq.

121 714 297 752 quantum
317 710 364 742 sit
382 711 499 751 3‚6‚36
515 713 552 742 et
566 712 609 742 90

119 767 222 798 quase
240 767 305 798 pro
324 757 421 799 quasi
440 757 555 796 1‚7,24

118 813 243 844 queens
261 802 374 843 8‚3,33

118 849 276 889 queentz'a
293 849 409 888 2,14,2

122 896 277 937 quianam
295 894 411 934 8‚3‚‘25

119 940 205 982 quid
223 940 271 971 sit
289 940 596 979 3,ss‚36.44.56.80;
616 941 755 981 5‚10‚53

120 987 294 1026 Quintius
314 986 452 1026 5,13‚39

119 1031 325 1072 Quirinalis
345 1031 450 1063 collis
470 1033 583 1073 1‚6‚31

122 1078 267 1118 Quirini
287 1076 402 1109 aedes
422 1078 537 1118 1,7‚12

120 1124 294 1166 quidquid,
314 1134 385 1154 non
404 1124 564 1166 quiequid
582 1124 672 1165 1,7,6

119 1171 215 1212 quire
234 1170 350 1209 1‚6‚26

119 1217 198 1258 quoi
218 1216 330 1256 1‚7,27

118 1272 249 1304 quoque
267 1272 328 1302 ⁶²90
347 1260 588 1293 soloecismus
608 1262 722 1303 1,5‚39

120 1308 269 1350 quotidie
288 1317 352 1348 pro
371 1308 495 1340 cotidie
515 1309 607 1348 1,7‚ss

120 1364 216 1396 quum
235 1354 325 1393 1‚7,5

117 1400 148 1431 R
168 1404 203 1431 et
222 1398 244 1431 S
266 1400 398 1439 1,4‚13;
425 1399 488 1431 rho
513 1398 663 1431 litterae
689 1398 803 1431 labda
823 1409 903 1431 sue-

165 1445 262 1477 cedit
281 1446 395 1486 1‚11,5

119 1491 294 1523 Rabirius
313 1492 406 1531 7‚1‚9

116 1538 226 1569 raeda
245 1547 325 1568 uoe.
346 1536 520 1579 gallicum
542 1538 654 1578 1‚5,57
672 1540 708 1569 et
723 1538 765 1569 68

117 1584 212 1614 ratio
233 1594 259 1615 s.
279 1581 400 1615 αἴτιον
418 1581 904 1625 3,11,4ε(1ᾳ.--ἐπιχείρημα

164 1631 295 1670 5,10,6;
322 1629 416 1660 ratio
441 1630 478 1660 in
504 1629 766 1671 praecipiendo
792 1629 902 1670 pluri—

164 1685 259 1706 mum
277 1674 382 1706 ualet
399 1676 510 1715 2,3,6,
536 1675 624 1707 item
649 1676 686 1706 in
706 1675 902 1707 scribendo

166 1722 320 1762 10,3,15;
347 1720 389 1752 ad
410 1722 637 1763 propositum
657 1721 828 1754 subiecta
846 1732 902 1753 ra-

163 1768 214 1798 tio
234 1777 260 1801 s,
279 1764 487 1807 αἰτιολογία
505 1768 637 1808 9,3,93;
664 1768 759 1799 ratio
778 1771 902 1799 rectae

164 1813 417 1854 honestaeque
443 1815 546 1844 uitae
571 1813 617 1844 ad
648 1816 814 1845 oratores
839 1824 901 1855 po-

164 1859 236 1890 tius
256 1869 364 1900 quam
382 1859 427 1890 ad
444 1858 683 1901 philosophos
699 1859 902 1901 releganda

165 1907 180 1935 1
193 1905 250 1936 Pr.
261 1907 280 1943 ς’
293 1906 333 1936 10

119 1950 358 1982 ratiocinatio
383 1952 516 1991 5‚11,1;
542 1952 673 1991 5‚14‚5;
699 1965 742 1976 =
767 1949 902 1991 ἐπιχεί-

162 2004 262 2037 ρημα
281 1997 411 2035 5,10,6;
438 2000 506 2028 rat.
535 1996 652 2038 figura
670 1998 804 2038 9‚3‚98;
830 2008 901 2028 am-

165 2041 343 2083 plificatio
379 2052 443 2084 per
478 2042 804 2075 ratiocinationem
833 2044 902 2085 SA,

165 2089 206 2119 15
221 2098 236 2120 s
292 2113 299 2120 .

117 2098 402 2165 ratiocilnqatiuus
437 2137 557 2166 status
583 2135 691 2175 7,8,3;
717 2135 902 2175 3‚(5,43.46.

164 2181 205 2211 61
217 2189 271 2221 sq.
291 2180 424 2220 5,10‚6;
445 2190 470 2211 r.
492 2181 660 2221 quaestio
681 2182 797 2222 7,1,60

119 2225 314 2257 rationalis
333 2236 417 2267 pars
436 2225 694 2268 philosophiae
720 2237 748 2258 s.
768 2226 902 2258 dialec—

164 2272 239 2303 tica
250 2273 404 2312 12‚2,10;
425 2282 451 2303 r.
471 2272 643 2314 quaestio
663 2272 712 2305 cf.
733 2273 904 2314 quaestio

116 2323 232 2349 reatus
250 2318 367 2356 8,3‚34

116 2364 216 2395 rebus
235 2364 412 2404 clyentibus
430 2365 545 2405 9,3‚13

116 2412 218 2441 recte
243 2409 367 2441 dicere
400 2408 498 2451 (opp.
528 2410 668 2451 aliqhid
695 2409 902 2452 circumire)

162 2457 182 2488 8
197 2455 256 2486 Pr.
271 2456 314 2487 ‘24

117 2504 237 2533 rectus
257 2511 366 2533 casus
387 2502 517 2542 1‚4‚13;
539 2503 671 2543 1‚5‚61;
691 2512 809 2534 sermo
829 2503 900 2543 r.2‚

162 2548 257 2587 5‚11;
285 2557 311 2581 r.
336 2547 455 2579 oratio
479 2547 573 2589 (opp.
593 2547 767 2589 figurata)
789 2548 902 2587 10‚5‚8

116 2602 293 2624 recusans
320 2592 414 2635 (opp.
442 2593 572 2635 agens)
590 2608 634 2619 =
652 2592 673 2626 ὁ
691 2592 850 2634 φεύγων
869 2595 900 2631 3,

116 2684 274 2716 redditio
299 2685 488 2717 contraria
513 2695 538 2717 S.
565 2683 812 2718 ἀνταπόδοει(
830 2686 900 2726 8,3,

162 2731 203 2762 77
223 2733 259 2762 et
277 2731 318 2762 79
334 2740 388 2771 sq.

117 2776 257 2807 reditus
276 2776 320 2808 ad
340 2777 567 2818 propositum
586 2779 702 2817 9,1‚28

118 2822 327 2853 redundans
345 2826 468 2854 orator
489 2825 648 2864 12,1o‚12

118 2868 294 2898 refutatio
304 2869 417 2908 5,13,1
431 2879 508 2910 sqq,
530 2871 565 2900 in
576 2870 708 2910 quibus
718 2869 901 2901 consistat

162 2913 277 2952 6‚3,72

118 2958 298 2997 regressio
320 2959 378 3000 lig.
398 2961 512 3000 9‚3‚35

856 102 1003 132 INDEX

942 206 1076 248 Reguli
1097 208 1237 249 12,·2,30
1458 248 1463 252 ,

943 253 995 284 rei
1013 252 1113 294 publ.
1135 253 1262 289 laesae
1283 255 1380 286 actio
1400 256 1508 296 7‚3,2;
1530 256 1645 296 7,4‚37

941 298 1094 330 reiectio
1113 298 1150 330 in
1169 299 1280 331 alium
1300 302 1416 342 9,1,30

941 343 1074 375 relatio
1098 343 1160 386 fig.
1183 346 1314 386 9‚1‚25;
1342 348 1476 387 9‚2,59;
1501 348 1636 388 9,3‚97;
1662 347 1726 378 rel.

988 400 1195 430 causarum,
1218 391 1391 423 eleuandi
1408 402 1525 433 genus
1543 393 1658 433 6,3,77

941 437 1109 477 ϊεηιῖῃανε
1126 438 1249 477 pennis
1266 437 1385 477 8,6‚18

945 481 1180 528 remissiones
1198 482 1323 524 pueris
1342 482 1571 515 discentibus
1587 483 1730 515 dandae

992 527 1096 567 1,338·‚
1116 528 1180 559 sed
1199 528 1247 559 sit
1264 528 1309 560 iis
1328 529 1453 561 modus
1472 529 1520 561 ib.
1540 530 1559 569 ἓ
1578 531 1617 561 11

945 573 1121 605 remissus
1140 576 1265 606 orator
1284 575 1444 616 12‚10,19

944 619 1117 651 remotio:
1149 623 1369 662 argumenta
1392 631 1437 652 ex
1467 621 1668 653 remotione
1696 623 1728 661 5,

991 665 1091 705 10‚66

943 710 1218 752 repercutiendi
1236 721 1376 754 genera
1394 712 1508 753 6,3,45
1524 715 1561 744 et
1576 713 1617 744 78

942 757 1116 798 repetitio
1141 756 1201 799 fig.
1226 759 1363 798 9,1‚33;
1388 759 1498 799 9‚2‚4;
1517 760 1634 799 9‚3,29
1649 768 1727 800 sqq.

990 805 1027 834 et
1039 803 1098 843 473
1130 806 1214 844 post
1243 803 1405 845 aliquam
1430 804 1728 837 interiectionem

988 850 1121 889 9‚3‚29;
1140 859 1167 880 r.
1188 849 1414 891 frequentior
1431 854 1587 882 uocatur
1601 849 1726 890 πλοκή

988 895 1122 934 9,3,41;
1148 905 1224 936 rep.
1251 895 1482 937 probationis
1509 896 1670 928 eiusdem
1687 898 1729 937 ,8,

988 941 1084 981 3‚88;
1111 951 1188 982 rep.
1214 951 1334 973 rerum
1353 952 1382 973 s.
1401 940 1727 983 ἀνακεφαλαίωειε

987 987 1096 1026 6,1,1;
1121 988 1365 1029 repetitiones
1390 988 1568 1020 uitandae
1593 989 1729 1029 9‚4‚41;

990 1033 1102 1073 10‚1‚7

943 1078 1228 1119 repetundarum
1247 1088 1385 1112 causae
1402 1081 1522 1122 4‚2,14
1537 1089 1590 1122 sq.
1612 1082 1648 1112 et
1665 1080 1727 1119 85;

986 1125 1082 1166 5‚7‚5

943 1171 1239 1211 repraesentatio
1260 1182 1288 1205 s,
1308 1168 1482 1212 ἐνάργεια
1499 1172 1611 1212 8,3,61

942 1215 1182 1257 reprehensio
1201 1216 1261 1259 fig.
1280 1218 1408 1257 9‚1‚34;
1429 1218 1547 1259 9,2‚18

943 1261 1086 1303 repudii
1105 1262 1233 1294 iniusti
1251 1263 1351 1294 actio
1369 1264 1487 1303 7‚4‚38

943 1317 1062 1338 rerum
1088 1308 1303 1340 accidentia
1328 1310 1485 1349 5‚10,13;
1513 1312 1728 1350 argumenta

989 1364 1033 1385 ex
1051 1354 1161 1386 rebus
1180 1355 1319 1396 5‚10‚32
1330 1365 1409 1397 sqq.
1434 1355 1535 1387 rebus
1552 1355 1730 1396 clyentibus

986 1400 1100 1440 9,3‚13

941 1455 1060 1476 rerum
1079 1445 1312 1487 publicarum
1330 1450 1405 1478 tres
1425 1448 1571 1489 species
1590 1448 1728 1488 5,10‚63

940 1491 1136 1533 respiratio
1156 1493 1293 1533 11‚3‚39
1309 1495 1346 1524 et
1358 1493 1401 1525 49

941 1537 1162 1579 respondere
1178 1538 1273 1580 (opp.
1291 1538 1418 1579 agere)
1435 1540 1567 1579 4‚2‚29;
1588 1540 1727 1579 5‚13‚53

989 1588 1060 1614 etc.
1081 1584 1331 1627 respondendi
1346 1585 1511 1626 patronis
1525 1585 1621 1616 ratio
1635 1586 1727 1623 5,13,

986 1631 1045 1669 39;
1066 1630 1102 1661 in
1122 1630 1376 1673 respondendo
1392 1630 1530 1673 figurae
1547 1630 1728 1672 quaedam

986 1676 1102 1716 9‚2‚12

940 1730 1119 1762 responsa
1144 1720 1301 1764 (diuina)
1326 1724 1458 1763 5,7‚35;
1491 1723 1645 1764 5,11‚42;
1672 1723 1725 1764 12,

987 1768 1063 1808 231

940 1814 1132 1855 responsio
1163 1814 1235 1845 sibi
1264 1815 1336 1856 ipsi
1366 1815 1500 1856 9,1,35;
1532 1815 1667 1856 9‚2‚14;
1694 1816 1725 1855 9,

985 1860 1065 1899 3,90

940 1905 1128 1937 resultans
1169 1906 1222 1946 (in
1265 1906 1548 1948 compositione)
1590 1908 1725 1947 9,4,83;

986 1951 1237 1993 pronuntiatio
1252 1953 1356 1984 uocis
1371 1952 1637 1984 mutationibus
1652 1962 1724 1984 res.

988 1998 1164 2038 11‚3,183;
1199 1998 1314 2030 uerba
1349 2001 1525 2029 contextu
1560 1998 1725 2030 breuium

986 2043 1210 2075 resultantia
1229 2045 1344 2084 9‚4,66

941 2089 1137 2120 reticentia
1156 2088 1216 2131 fig.
1236 2091 1352 2130 9‚2,54
1372 2092 1407 2121 et
1425 2091 1484 2128 573
1505 2091 1617 2130 9‚1‚31

940 2135 1104 2166 reuersio
1124 2145 1149 2166 s.
1168 2133 1386 2176 ἀναστροφή
1405 2136 1522 2176 8‚6‚65

941 2181 1131 2212 reuocatio
1152 2181 1256 2213 uerbi
1274 2183 1392 2223 9,1‚33
1412 2182 1459 2214 cf.
1479 2182 1527 2213 ib.
1546 2182 1565 2221 ξ
1582 2183 1625 2213 42

941 2225 1059 2268 ῥητὸν
1079 2227 1138 2259 καὶ
1165 2226 1308 2260 διάνοια
1325 2228 1460 2269 3‚6‚46;
1485 2226 1582 2260 κατὰ
1605 2226 1725 2269 ῥητὸν

987 2272 1047 2304 καὶ
1065 2271 1299 2315 ὑπεξαίρεειν
1317 2274 1429 2315 3,6,61

942 2319 1065 2350 rhetor
1099 2319 1218 2360 qualis
1253 2329 1334 2351 esse
1368 2319 1505 2351 debeat
1534 2321 1625 2360 2‚‘2‚1
1646 2330 1724 2361 sqq.

989 2365 1066 2396 eius
1091 2365 1232 2406 primae
1256 2368 1383 2407 partes
1409 2365 1447 2396 in
1471 2364 1634 2397 docendo
1653 2367 1722 2406 ΞΑ,

989 2412 1004 2441 1
1023 2421 1102 2453 sqq.
1134 2410 1294 2444 rhetoris
1320 2414 1358 2442 et
1382 2411 1617 2453 grammatici
1642 2411 1725 2443 offi—

987 2457 1081 2487 cium
1101 2458 1280 2498 2,1‚1sqq,
1307 2457 1452 2499 quando
1476 2468 1567 2499 puer
1584 2457 1724 2489 rhetori

986 2501 1187 2534 tradendus
1211 2503 1260 2534 sit
1278 2504 1389 2544 2,1‚7;
1417 2502 1583 2535 rhetores
1609 2503 1724 2535 mino-

986 2558 1043 2579 res
1063 2552 1099 2579 et
1118 2549 1322 2581 eminentes
1339 2550 1430 2589 2‚3‚1
1443 2559 1519 2591 sqq.

939 2594 1121 2626 rhetorice
1141 2594 1226 2636 quid
1246 2596 1294 2626 sit
1312 2598 1349 2627 et
1367 2594 1537 2627 diuersae
1564 2595 1642 2626 eius
1660 2594 1724 2626 de·

985 2639 1173 2672 finitiones
1190 2641 1302 2681 2‚15,1
1313 2650 1390 2682 sqq.
1410 2641 1564 2683 5‚10,54;
1585 2642 1677 2681 7,3‚6
1688 2643 1724 2672 et

986 2687 1044 2726 12;
1063 2687 1083 2718 8
1100 2686 1158 2719 Pr.
1173 2687 1192 2725 ξ
1207 2688 1245 2725 ὃς
1271 2686 1369 2718 circa
1388 2696 1477 2728 quas
1495 2696 1553 2718 res
1572 2686 1624 2718 rh.
1642 2696 1722 2718 uer-

984 2733 1259 2773 setu1·2,15‚15;
1286 2735 1342 2763 est
1361 2742 1420 2763 ars
1439 2732 1476 2763 in
1496 2735 1581 2764 actu
1599 2731 1722 2774 posita

983 2778 1137 2817 2‹‚17‚25;
1157 2778 1288 2818 2,18,2;
1309 2778 1415 2809 uitiis
1434 2779 1487 2809 uti
1506 2779 1672 2819 arguitur
1688 2778 1720 2814 2,

985 2824 1102 2863 17,26;
1136 2834 1182 2855 an
1208 2823 1257 2855 sit
1275 2834 1334 2855 ars
1352 2825 1467 2865 2,17,1
1485 2833 1563 2865 sqq.
1595 2834 1641 2854 an
1672 2823 1723 2855 sit

983 2869 1086 2901 utilis
1111 2870 1225 2909 2,16,1
1243 2879 1322 2911 sqq.
1349 2881 1396 2901 an
1420 2870 1469 2901 sit
1493 2869 1610 2900 uirtus
1628 2870 1719 2909 ⁶230,

985 2917 1001 2945 1
1018 2925 1098 2956 sqq.
1123 2915 1201 2947 eius
1224 2915 1357 2947 diuisio
1375 2915 1508 2956 2‚14‚5‚
1535 2914 1721 2946 elementa

983 2963 1113 3001 3,3‚13,
1140 2960 1222 2992 finis
1246 2964 1282 2992 et
1305 2971 1480 2993 summum
1505 2962 1661 3001 2,15,3S;
1687 2962 1718 3000 2,
