<?xml version="1.0" encoding="UTF-8"?>
<!DOCTYPE html PUBLIC "-//W3C//DTD XHTML 1.0 Transitional//EN"
    "http://www.w3.org/TR/xhtml1/DTD/xhtml1-transitional.dtd">
<html xmlns="http://www.w3.org/1999/xhtml" xml:lang="en" lang="en">
 <head>
  <title>
</title>
<meta http-equiv="Content-Type" content="text/html;charset=utf-8" />
  <meta name='ocr-system' content='tesseract 3.04.00' />
  <meta name='ocr-capabilities' content='ocr_page ocr_carea ocr_par ocr_line ocrx_word'/>
</head>
<body>
  <div class='ocr_page' id='page_1' title='image "./institutionisora00quinuoft_0391.png"; bbox 0 0 1939 3228; ppageno 0'>
   <div class='ocr_carea' id='block_1_1' title="bbox 833 101 1799 154">
    <p class='ocr_par' dir='ltr' id='par_1_1' title="bbox 833 101 1799 154">
     <span class='ocr_line' id='line_1_1' title="bbox 833 101 1799 154; baseline 0.001 -12"><span class='ocrx_word' id='word_1_1' title='bbox 833 111 914 142; x_wconf 83' lang='lat' dir='ltr'>vn.</span> <span class='ocrx_word' id='word_1_2' title='bbox 968 109 1003 154; x_wconf 86' lang='lat'>4,</span> <span class='ocrx_word' id='word_1_3' title='bbox 1027 109 1173 141; x_wconf 84' lang='lat'>8—17.</span> <span class='ocrx_word' id='word_1_4' title='bbox 1744 101 1799 143; x_wconf 84' lang='lat'>35</span> 
     </span>
    </p>
   </div>
   <div class='ocr_carea' id='block_1_2' title="bbox 14 205 1867 2653">
    <p class='ocr_par' dir='ltr' id='par_1_2' title="bbox 170 205 1867 606">
     <span class='ocr_line' id='line_1_2' title="bbox 205 205 1799 268; baseline 0.001 -15"><span class='ocrx_word' id='word_1_5' title='bbox 205 213 410 267; x_wconf 86' lang='lat' dir='ltr'>scriptum</span> <span class='ocrx_word' id='word_1_6' title='bbox 442 205 555 266; x_wconf 84' lang='lat' dir='ltr'>sunt,</span> <span class='ocrx_word' id='word_1_7' title='bbox 589 214 724 253; x_wconf 87' lang='lat' dir='ltr'>status</span> <span class='ocrx_word' id='word_1_8' title='bbox 754 212 846 253; x_wconf 87' lang='lat' dir='ltr'>uisa</span> <span class='ocrx_word' id='word_1_9' title='bbox 877 214 940 253; x_wconf 88' lang='lat' dir='ltr'>est</span> <span class='ocrx_word' id='word_1_10' title='bbox 972 213 1120 254; x_wconf 90' lang='lat' dir='ltr'>cadere</span> <span class='ocrx_word' id='word_1_11' title='bbox 1155 212 1393 253; x_wconf 68' lang='lat' dir='ltr'>translatio.</span> <span class='ocrx_word' id='word_1_12' title='bbox 1455 213 1668 254; x_wconf 86' lang='lat' dir='ltr'>interdum</span> <span class='ocrx_word' id='word_1_13' title='bbox 1699 228 1799 268; x_wconf 91' lang='lat' dir='ltr'>ergo</span> 
     </span>
     <span class='ocr_line' id='line_1_3' title="bbox 206 279 1799 335; baseline 0.001 -14"><span class='ocrx_word' id='word_1_14' title='bbox 206 281 328 335; x_wconf 91' lang='lat' dir='ltr'>culpa</span> <span class='ocrx_word' id='word_1_15' title='bbox 358 281 403 321; x_wconf 90' lang='lat' dir='ltr'>in</span> <span class='ocrx_word' id='word_1_16' title='bbox 434 280 648 321; x_wconf 89' lang='lat' dir='ltr'>hominem</span> <span class='ocrx_word' id='word_1_17' title='bbox 684 281 921 334; x_wconf 87' lang='lat' dir='ltr'>relegatur,</span> <span class='ocrx_word' id='word_1_18' title='bbox 961 282 1008 320; x_wconf 91' lang='lat' dir='ltr'>ut</span> <span class='ocrx_word' id='word_1_19' title='bbox 1045 280 1080 320; x_wconf 88' lang='lat' dir='ltr'>si</span> <span class='ocrx_word' id='word_1_20' title='bbox 1112 279 1329 321; x_wconf 79' lang='lat' dir='ltr'>Gracchus</span> <span class='ocrx_word' id='word_1_21' title='bbox 1368 295 1463 321; x_wconf 87' lang='lat' dir='ltr'>reus</span> <span class='ocrx_word' id='word_1_22' title='bbox 1501 281 1683 322; x_wconf 85' lang='lat' dir='ltr'>foederis</span> <span class='ocrx_word' id='word_1_23' title='bbox 1713 280 1799 322; x_wconf 87' lang='lat' dir='ltr'>Nu-</span> 
     </span>
     <span class='ocr_line' id='line_1_4' title="bbox 204 347 1799 402; baseline 0.001 -13"><span class='ocrx_word' id='word_1_24' title='bbox 204 348 400 402; x_wconf 85' lang='lat' dir='ltr'>mantini,</span> <span class='ocrx_word' id='word_1_25' title='bbox 437 347 552 389; x_wconf 87' lang='lat' dir='ltr'>cuius</span> <span class='ocrx_word' id='word_1_26' title='bbox 582 349 699 388; x_wconf 87' lang='lat' dir='ltr'>metu</span> <span class='ocrx_word' id='word_1_27' title='bbox 729 347 846 401; x_wconf 91' lang='lat' dir='ltr'>leges</span> <span class='ocrx_word' id='word_1_28' title='bbox 877 347 1103 401; x_wconf 79' lang='lat' dir='ltr'>populares</span> <span class='ocrx_word' id='word_1_29' title='bbox 1134 348 1281 389; x_wconf 89' lang='lat' dir='ltr'>tulisse</span> <span class='ocrx_word' id='word_1_30' title='bbox 1310 348 1357 389; x_wconf 88' lang='lat' dir='ltr'>in</span> <span class='ocrx_word' id='word_1_31' title='bbox 1388 348 1609 389; x_wconf 71' lang='lat' dir='ltr'><strong>tribunatu</strong></span> <span class='ocrx_word' id='word_1_32' title='bbox 1638 349 1799 390; x_wconf 89' lang='lat' dir='ltr'>uidere-</span> 
     </span>
     <span class='ocr_line' id='line_1_5' title="bbox 202 415 1867 470; baseline 0.001 -13"><span class='ocrx_word' id='word_1_33' title='bbox 202 418 285 470; x_wconf 87' lang='lat' dir='ltr'>tur,</span> <span class='ocrx_word' id='word_1_34' title='bbox 315 416 490 457; x_wconf 86' lang='lat' dir='ltr'>missum</span> <span class='ocrx_word' id='word_1_35' title='bbox 522 429 565 456; x_wconf 89' lang='lat' dir='ltr'>se</span> <span class='ocrx_word' id='word_1_36' title='bbox 596 415 648 456; x_wconf 88' lang='lat' dir='ltr'>ab</span> <span class='ocrx_word' id='word_1_37' title='bbox 678 415 934 469; x_wconf 70' lang='lat' dir='ltr'>imperatore</span> <span class='ocrx_word' id='word_1_38' title='bbox 965 429 1038 456; x_wconf 86' lang='lat' dir='ltr'>suo</span> <span class='ocrx_word' id='word_1_39' title='bbox 1069 415 1241 456; x_wconf 84' lang='lat' dir='ltr'>diceret,</span> <span class='ocrx_word' id='word_1_40' title='bbox 1302 415 1474 467; x_wconf 80' lang='lat' dir='ltr'>interim</span> <span class='ocrx_word' id='word_1_41' title='bbox 1506 416 1723 457; x_wconf 85' lang='lat' dir='ltr'>deriuatur</span> <span class='ocrx_word' id='word_1_42' title='bbox 1752 417 1797 457; x_wconf 86' lang='lat' dir='ltr'>in</span> <span class='ocrx_word' id='word_1_43' title='bbox 1815 417 1867 458; x_wconf 82' lang='lat'>14</span> 
     </span>
     <span class='ocr_line' id='line_1_6' title="bbox 170 482 1799 539; baseline 0.001 -15"><span class='ocrx_word' id='word_1_44' title='bbox 170 491 186 516; x_wconf 83' lang='lat'>5</span> <span class='ocrx_word' id='word_1_45' title='bbox 205 498 306 538; x_wconf 87' lang='lat' dir='ltr'>rem,</span> <span class='ocrx_word' id='word_1_46' title='bbox 340 485 388 524; x_wconf 91' lang='lat' dir='ltr'>ut</span> <span class='ocrx_word' id='word_1_47' title='bbox 419 483 453 524; x_wconf 84' lang='lat' dir='ltr'>si</span> <span class='ocrx_word' id='word_1_48' title='bbox 484 483 534 537; x_wconf 86' lang='lat' dir='ltr'>is,</span> <span class='ocrx_word' id='word_1_49' title='bbox 567 484 639 537; x_wconf 88' lang='lat' dir='ltr'>qui</span> <span class='ocrx_word' id='word_1_50' title='bbox 669 484 928 524; x_wconf 86' lang='lat' dir='ltr'>testamento</span> <span class='ocrx_word' id='word_1_51' title='bbox 959 482 1059 537; x_wconf 87' lang='lat' dir='ltr'>quid</span> <span class='ocrx_word' id='word_1_52' title='bbox 1089 483 1226 524; x_wconf 88' lang='lat' dir='ltr'>iussus</span> <span class='ocrx_word' id='word_1_53' title='bbox 1257 497 1343 523; x_wconf 89' lang='lat' dir='ltr'>non</span> <span class='ocrx_word' id='word_1_54' title='bbox 1374 483 1545 538; x_wconf 86' lang='lat' dir='ltr'>fecerit,</span> <span class='ocrx_word' id='word_1_55' title='bbox 1579 484 1694 525; x_wconf 89' lang='lat' dir='ltr'>dicat</span> <span class='ocrx_word' id='word_1_56' title='bbox 1724 499 1799 539; x_wconf 84' lang='lat' dir='ltr'>per</span> 
     </span>
     <span class='ocr_line' id='line_1_7' title="bbox 202 550 1469 606; baseline -0.001 -14"><span class='ocrx_word' id='word_1_57' title='bbox 202 551 318 606; x_wconf 87' lang='lat' dir='ltr'>leges</span> <span class='ocrx_word' id='word_1_58' title='bbox 349 551 392 592; x_wconf 86' lang='lat' dir='ltr'>id</span> <span class='ocrx_word' id='word_1_59' title='bbox 422 551 514 592; x_wconf 87' lang='lat' dir='ltr'>fieri</span> <span class='ocrx_word' id='word_1_60' title='bbox 545 565 630 592; x_wconf 84' lang='lat' dir='ltr'>non</span> <span class='ocrx_word' id='word_1_61' title='bbox 661 551 862 605; x_wconf 87' lang='lat' dir='ltr'>potuisse.</span> <span class='ocrx_word' id='word_1_62' title='bbox 922 550 1003 592; x_wconf 83' lang='lat' dir='ltr'>hoc</span> <span class='ocrx_word' id='word_1_63' title='bbox 1034 552 1276 603; x_wconf 76' lang='grc' dir='ltr'>μετάεταειν</span> <span class='ocrx_word' id='word_1_64' title='bbox 1308 551 1469 592; x_wconf 87' lang='lat' dir='ltr'>dicunt.</span> 
     </span>
    </p>

    <p class='ocr_par' dir='ltr' id='par_1_3' title="bbox 203 618 1800 809">
     <span class='ocr_line' id='line_1_8' title="bbox 316 618 1799 674; baseline 0 -14"><span class='ocrx_word' id='word_1_65' title='bbox 316 619 432 660; x_wconf 90' lang='lat' dir='ltr'>Hinc</span> <span class='ocrx_word' id='word_1_66' title='bbox 463 633 627 673; x_wconf 86' lang='lat' dir='ltr'>quoque</span> <span class='ocrx_word' id='word_1_67' title='bbox 659 618 839 659; x_wconf 78' lang='lat' dir='ltr'>exclusis</span> <span class='ocrx_word' id='word_1_68' title='bbox 862 619 1136 659; x_wconf 82' lang='lat' dir='ltr'>excusatio</span> <span class='ocrx_word' id='word_1_69' title='bbox 1168 620 1371 672; x_wconf 82' lang='lat' dir='ltr'>superest.</span> <span class='ocrx_word' id='word_1_70' title='bbox 1415 633 1463 660; x_wconf 87' lang='lat' dir='ltr'>ea</span> <span class='ocrx_word' id='word_1_71' title='bbox 1492 621 1556 660; x_wconf 91' lang='lat' dir='ltr'>est</span> <span class='ocrx_word' id='word_1_72' title='bbox 1576 622 1650 660; x_wconf 86' lang='lat' dir='ltr'>aut</span> <span class='ocrx_word' id='word_1_73' title='bbox 1678 620 1799 674; x_wconf 88' lang='lat' dir='ltr'>igno-</span> 
     </span>
     <span class='ocr_line' id='line_1_9' title="bbox 203 683 1798 742; baseline 0.001 -15"><span class='ocrx_word' id='word_1_74' title='bbox 203 687 389 740; x_wconf 86' lang='lat' dir='ltr'>rantiae,</span> <span class='ocrx_word' id='word_1_75' title='bbox 429 688 476 727; x_wconf 90' lang='lat' dir='ltr'>ut</span> <span class='ocrx_word' id='word_1_76' title='bbox 514 687 549 728; x_wconf 90' lang='lat' dir='ltr'>si</span> <span class='ocrx_word' id='word_1_77' title='bbox 587 687 679 741; x_wconf 88' lang='lat' dir='ltr'>quis</span> <span class='ocrx_word' id='word_1_78' title='bbox 718 683 904 741; x_wconf 83' lang='lat' dir='ltr'>fugitiuo</span> <span class='ocrx_word' id='word_1_79' title='bbox 942 687 1146 741; x_wconf 72' lang='lat' dir='ltr'>stigmata</span> <span class='ocrx_word' id='word_1_80' title='bbox 1187 686 1405 740; x_wconf 72' lang='lat' dir='ltr'>scripserit</span> <span class='ocrx_word' id='word_1_81' title='bbox 1443 701 1573 741; x_wconf 85' lang='lat' dir='ltr'>eoque</span> <span class='ocrx_word' id='word_1_82' title='bbox 1610 688 1798 742; x_wconf 88' lang='lat' dir='ltr'>ingenuo</span> 
     </span>
     <span class='ocr_line' id='line_1_10' title="bbox 203 754 1800 809; baseline 0.001 -14"><span class='ocrx_word' id='word_1_83' title='bbox 203 755 388 796; x_wconf 86' lang='lat' dir='ltr'>iudicato</span> <span class='ocrx_word' id='word_1_84' title='bbox 418 757 562 809; x_wconf 84' lang='lat' dir='ltr'>neget,</span> <span class='ocrx_word' id='word_1_85' title='bbox 600 769 643 796; x_wconf 90' lang='lat' dir='ltr'>se</span> <span class='ocrx_word' id='word_1_86' title='bbox 674 755 855 795; x_wconf 81' lang='lat' dir='ltr'>liberum</span> <span class='ocrx_word' id='word_1_87' title='bbox 886 768 976 795; x_wconf 91' lang='lat' dir='ltr'>esse</span> <span class='ocrx_word' id='word_1_88' title='bbox 1009 768 1101 795; x_wconf 87' lang='lat' dir='ltr'>eum</span> <span class='ocrx_word' id='word_1_89' title='bbox 1134 754 1283 795; x_wconf 89' lang='lat' dir='ltr'>scisse:</span> <span class='ocrx_word' id='word_1_90' title='bbox 1323 756 1396 795; x_wconf 85' lang='lat' dir='ltr'>aut</span> <span class='ocrx_word' id='word_1_91' title='bbox 1426 755 1690 796; x_wconf 88' lang='lat' dir='ltr'>necessitatis</span> <span class='ocrx_word' id='word_1_92' title='bbox 1701 789 1711 809; x_wconf 85' lang='lat'>,</span> <span class='ocrx_word' id='word_1_93' title='bbox 1752 758 1800 796; x_wconf 90' lang='lat' dir='ltr'>ut</span> 
     </span>
    </p>

    <p class='ocr_par' dir='ltr' id='par_1_4' title="bbox 153 821 1866 1148">
     <span class='ocr_line' id='line_1_11' title="bbox 153 821 1798 864; baseline 0 0"><span class='ocrx_word' id='word_1_94' title='bbox 153 832 184 856; x_wconf 91' lang='lat'>10</span> <span class='ocrx_word' id='word_1_95' title='bbox 203 837 298 864; x_wconf 88' lang='lat' dir='ltr'>cum</span> <span class='ocrx_word' id='word_1_96' title='bbox 327 822 448 864; x_wconf 85' lang='lat' dir='ltr'>miles</span> <span class='ocrx_word' id='word_1_97' title='bbox 480 823 532 863; x_wconf 90' lang='lat' dir='ltr'>ad</span> <span class='ocrx_word' id='word_1_98' title='bbox 565 824 822 864; x_wconf 86' lang='lat' dir='ltr'>commeatus</span> <span class='ocrx_word' id='word_1_99' title='bbox 855 822 965 863; x_wconf 89' lang='lat' dir='ltr'>diem</span> <span class='ocrx_word' id='word_1_100' title='bbox 996 836 1085 863; x_wconf 88' lang='lat' dir='ltr'>non</span> <span class='ocrx_word' id='word_1_101' title='bbox 1107 821 1244 862; x_wconf 87' lang='lat' dir='ltr'>adfuit</span> <span class='ocrx_word' id='word_1_102' title='bbox 1275 824 1316 862; x_wconf 93' lang='lat' dir='ltr'>et</span> <span class='ocrx_word' id='word_1_103' title='bbox 1347 822 1449 863; x_wconf 88' lang='lat' dir='ltr'>dicit</span> <span class='ocrx_word' id='word_1_104' title='bbox 1479 837 1522 863; x_wconf 89' lang='lat' dir='ltr'>se</span> <span class='ocrx_word' id='word_1_105' title='bbox 1553 822 1798 864; x_wconf 86' lang='lat' dir='ltr'>fluminibus</span> 
     </span>
     <span class='ocr_line' id='line_1_12' title="bbox 202 890 1866 945; baseline 0.001 -14"><span class='ocrx_word' id='word_1_106' title='bbox 202 891 479 932; x_wconf 88' lang='lat' dir='ltr'>interclusum</span> <span class='ocrx_word' id='word_1_107' title='bbox 519 892 592 931; x_wconf 88' lang='lat' dir='ltr'>aut</span> <span class='ocrx_word' id='word_1_108' title='bbox 627 890 886 931; x_wconf 85' lang='lat' dir='ltr'>ualetudine.</span> <span class='ocrx_word' id='word_1_109' title='bbox 946 890 1119 931; x_wconf 85' lang='lat' dir='ltr'>fortuna</span> <span class='ocrx_word' id='word_1_110' title='bbox 1159 904 1322 945; x_wconf 87' lang='lat' dir='ltr'>quoque</span> <span class='ocrx_word' id='word_1_111' title='bbox 1362 905 1488 945; x_wconf 82' lang='lat' dir='ltr'>saepe</span> <span class='ocrx_word' id='word_1_112' title='bbox 1527 891 1866 934; x_wconf 80' lang='lat' dir='ltr'>substituitur15</span> 
     </span>
     <span class='ocr_line' id='line_1_13' title="bbox 204 957 1794 1014; baseline 0 -14"><span class='ocrx_word' id='word_1_113' title='bbox 204 959 365 1013; x_wconf 87' lang='lat' dir='ltr'>culpae.</span> <span class='ocrx_word' id='word_1_114' title='bbox 404 973 725 1012; x_wconf 82' lang='lat' dir='ltr'>nonnumquam</span> <span class='ocrx_word' id='word_1_115' title='bbox 746 958 856 1014; x_wconf 87' lang='lat' dir='ltr'>male</span> <span class='ocrx_word' id='word_1_116' title='bbox 887 957 1040 999; x_wconf 77' lang='lat' dir='ltr'>secisse</span> <span class='ocrx_word' id='word_1_117' title='bbox 1071 973 1162 1013; x_wconf 86' lang='lat' dir='ltr'>nos,</span> <span class='ocrx_word' id='word_1_118' title='bbox 1197 958 1267 998; x_wconf 87' lang='lat' dir='ltr'>sed</span> <span class='ocrx_word' id='word_1_119' title='bbox 1300 958 1410 999; x_wconf 85' lang='lat' dir='ltr'>bono</span> <span class='ocrx_word' id='word_1_120' title='bbox 1433 958 1573 999; x_wconf 86' lang='lat' dir='ltr'>animo</span> <span class='ocrx_word' id='word_1_121' title='bbox 1605 959 1794 1000; x_wconf 75' lang='lat' dir='ltr'>dicimus.</span> 
     </span>
     <span class='ocr_line' id='line_1_14' title="bbox 201 1026 1799 1081; baseline 0.001 -14"><span class='ocrx_word' id='word_1_122' title='bbox 201 1027 420 1081; x_wconf 88' lang='lat' dir='ltr'>utriusque</span> <span class='ocrx_word' id='word_1_123' title='bbox 451 1027 511 1067; x_wconf 89' lang='lat' dir='ltr'>rei</span> <span class='ocrx_word' id='word_1_124' title='bbox 542 1026 675 1067; x_wconf 90' lang='lat' dir='ltr'>multa</span> <span class='ocrx_word' id='word_1_125' title='bbox 707 1028 748 1067; x_wconf 92' lang='lat' dir='ltr'>et</span> <span class='ocrx_word' id='word_1_126' title='bbox 778 1026 1008 1067; x_wconf 84' lang='lat' dir='ltr'>manifesta</span> <span class='ocrx_word' id='word_1_127' title='bbox 1039 1026 1231 1080; x_wconf 79' lang='lat' dir='ltr'>exempla</span> <span class='ocrx_word' id='word_1_128' title='bbox 1264 1028 1384 1067; x_wconf 87' lang='lat' dir='ltr'>sunt:</span> <span class='ocrx_word' id='word_1_129' title='bbox 1428 1026 1586 1068; x_wconf 86' lang='lat' dir='ltr'>idcirco</span> <span class='ocrx_word' id='word_1_130' title='bbox 1618 1042 1703 1068; x_wconf 89' lang='lat' dir='ltr'>non</span> <span class='ocrx_word' id='word_1_131' title='bbox 1735 1030 1799 1069; x_wconf 88' lang='lat' dir='ltr'>est</span> 
     </span>
     <span class='ocr_line' id='line_1_15' title="bbox 202 1094 868 1148; baseline -0.002 -13"><span class='ocrx_word' id='word_1_132' title='bbox 202 1109 345 1136; x_wconf 85' lang='lat' dir='ltr'>corum</span> <span class='ocrx_word' id='word_1_133' title='bbox 375 1095 617 1136; x_wconf 86' lang='lat' dir='ltr'>necessaria</span> <span class='ocrx_word' id='word_1_134' title='bbox 647 1094 868 1148; x_wconf 76' lang='lat' dir='ltr'>expositio.</span> 
     </span>
    </p>

    <p class='ocr_par' dir='ltr' id='par_1_5' title="bbox 152 1161 1865 1489">
     <span class='ocr_line' id='line_1_16' title="bbox 152 1161 1796 1217; baseline 0 -13"><span class='ocrx_word' id='word_1_135' title='bbox 152 1171 182 1196; x_wconf 83' lang='lat'>¹5</span> <span class='ocrx_word' id='word_1_136' title='bbox 318 1162 360 1204; x_wconf 78' lang='lat' dir='ltr'>Si</span> <span class='ocrx_word' id='word_1_137' title='bbox 393 1163 558 1215; x_wconf 82' lang='lat' dir='ltr'>onmia,</span> <span class='ocrx_word' id='word_1_138' title='bbox 599 1177 706 1217; x_wconf 86' lang='lat' dir='ltr'>quae</span> <span class='ocrx_word' id='word_1_139' title='bbox 739 1176 866 1216; x_wconf 86' lang='lat' dir='ltr'>supra</span> <span class='ocrx_word' id='word_1_140' title='bbox 899 1162 1059 1215; x_wconf 82' lang='lat' dir='ltr'>scripta</span> <span class='ocrx_word' id='word_1_141' title='bbox 1090 1164 1207 1215; x_wconf 83' lang='lat' dir='ltr'>sunt,</span> <span class='ocrx_word' id='word_1_142' title='bbox 1250 1161 1448 1216; x_wconf 75' lang='lat' dir='ltr'>deerunt,</span> <span class='ocrx_word' id='word_1_143' title='bbox 1482 1163 1711 1204; x_wconf 87' lang='lat' dir='ltr'>uidendum</span> <span class='ocrx_word' id='word_1_144' title='bbox 1743 1179 1796 1204; x_wconf 89' lang='lat' dir='ltr'>an</span> 
     </span>
     <span class='ocr_line' id='line_1_17' title="bbox 201 1229 1797 1285; baseline 0.001 -14"><span class='ocrx_word' id='word_1_145' title='bbox 201 1231 430 1272; x_wconf 83' lang='lat' dir='ltr'>inminui</span> <span class='ocrx_word' id='word_1_146' title='bbox 470 1230 625 1285; x_wconf 85' lang='lat' dir='ltr'>culpa</span> <span class='ocrx_word' id='word_1_147' title='bbox 663 1230 810 1284; x_wconf 80' lang='lat' dir='ltr'>possit.</span> <span class='ocrx_word' id='word_1_148' title='bbox 872 1229 941 1271; x_wconf 84' lang='lat' dir='ltr'>hic</span> <span class='ocrx_word' id='word_1_149' title='bbox 988 1232 1052 1270; x_wconf 91' lang='lat' dir='ltr'>est</span> <span class='ocrx_word' id='word_1_150' title='bbox 1096 1229 1187 1283; x_wconf 80' lang='lat' dir='ltr'>ille,</span> <span class='ocrx_word' id='word_1_151' title='bbox 1235 1230 1306 1284; x_wconf 88' lang='lat' dir='ltr'>qui</span> <span class='ocrx_word' id='word_1_152' title='bbox 1347 1245 1370 1271; x_wconf 90' lang='lat' dir='ltr'>a</span> <span class='ocrx_word' id='word_1_153' title='bbox 1409 1231 1660 1285; x_wconf 85' lang='lat' dir='ltr'>quibusdam</span> <span class='ocrx_word' id='word_1_154' title='bbox 1706 1232 1797 1272; x_wconf 87' lang='lat' dir='ltr'>fieri</span> 
     </span>
     <span class='ocr_line' id='line_1_18' title="bbox 201 1298 1865 1354; baseline 0.001 -14"><span class='ocrx_word' id='word_1_155' title='bbox 201 1299 320 1353; x_wconf 81' lang='lat' dir='ltr'>solet,</span> <span class='ocrx_word' id='word_1_156' title='bbox 354 1301 490 1340; x_wconf 89' lang='lat' dir='ltr'>status</span> <span class='ocrx_word' id='word_1_157' title='bbox 521 1298 790 1353; x_wconf 80' lang='lat' dir='ltr'>quantitatis.</span> <span class='ocrx_word' id='word_1_158' title='bbox 830 1298 901 1339; x_wconf 89' lang='lat' dir='ltr'>sed</span> <span class='ocrx_word' id='word_1_159' title='bbox 934 1312 982 1338; x_wconf 88' lang='lat' dir='ltr'>ea</span> <span class='ocrx_word' id='word_1_160' title='bbox 1006 1312 1099 1338; x_wconf 86' lang='lat' dir='ltr'>cum</span> <span class='ocrx_word' id='word_1_161' title='bbox 1121 1298 1176 1338; x_wconf 84' lang='lat' dir='ltr'>sit</span> <span class='ocrx_word' id='word_1_162' title='bbox 1208 1300 1280 1338; x_wconf 88' lang='lat' dir='ltr'>aut</span> <span class='ocrx_word' id='word_1_163' title='bbox 1311 1313 1472 1352; x_wconf 82' lang='lat' dir='ltr'>poenae</span> <span class='ocrx_word' id='word_1_164' title='bbox 1505 1302 1579 1340; x_wconf 90' lang='lat' dir='ltr'>aut</span> <span class='ocrx_word' id='word_1_165' title='bbox 1609 1299 1865 1354; x_wconf 78' lang='lat' dir='ltr'>honoris,1ss</span> 
     </span>
     <span class='ocr_line' id='line_1_19' title="bbox 202 1365 1797 1421; baseline 0.001 -14"><span class='ocrx_word' id='word_1_166' title='bbox 202 1382 251 1407; x_wconf 88' lang='lat' dir='ltr'>cx</span> <span class='ocrx_word' id='word_1_167' title='bbox 290 1366 495 1421; x_wconf 87' lang='lat' dir='ltr'>qualitate</span> <span class='ocrx_word' id='word_1_168' title='bbox 532 1366 637 1408; x_wconf 85' lang='lat' dir='ltr'>facti</span> <span class='ocrx_word' id='word_1_169' title='bbox 677 1366 972 1419; x_wconf 66' lang='lat' dir='ltr'>constituitur,</span> <span class='ocrx_word' id='word_1_170' title='bbox 1013 1379 1142 1420; x_wconf 86' lang='lat' dir='ltr'>coque</span> <span class='ocrx_word' id='word_1_171' title='bbox 1182 1365 1303 1406; x_wconf 82' lang='lat' dir='ltr'>nobis</span> <span class='ocrx_word' id='word_1_172' title='bbox 1343 1366 1418 1407; x_wconf 76' lang='lat' dir='ltr'>sul)</span> <span class='ocrx_word' id='word_1_173' title='bbox 1450 1366 1528 1407; x_wconf 83' lang='lat' dir='ltr'>hoc</span> <span class='ocrx_word' id='word_1_174' title='bbox 1562 1381 1651 1407; x_wconf 85' lang='lat' dir='ltr'>esse</span> <span class='ocrx_word' id='word_1_175' title='bbox 1684 1369 1797 1408; x_wconf 89' lang='lat' dir='ltr'>statu</span> 
     </span>
     <span class='ocr_line' id='line_1_20' title="bbox 201 1433 1795 1489; baseline 0.001 -14"><span class='ocrx_word' id='word_1_176' title='bbox 201 1435 368 1475; x_wconf 89' lang='lat' dir='ltr'>uidetur</span> <span class='ocrx_word' id='word_1_177' title='bbox 399 1435 509 1475; x_wconf 89' lang='lat' dir='ltr'>sicut</span> <span class='ocrx_word' id='word_1_178' title='bbox 540 1435 628 1475; x_wconf 84' lang='lat' dir='ltr'>cius</span> <span class='ocrx_word' id='word_1_179' title='bbox 659 1448 838 1489; x_wconf 76' lang='lat' dir='ltr'>quoque,</span> <span class='ocrx_word' id='word_1_180' title='bbox 873 1448 979 1488; x_wconf 90' lang='lat' dir='ltr'>quae</span> <span class='ocrx_word' id='word_1_181' title='bbox 1012 1433 1063 1473; x_wconf 90' lang='lat' dir='ltr'>ad</span> <span class='ocrx_word' id='word_1_182' title='bbox 1094 1448 1317 1474; x_wconf 88' lang='lat' dir='ltr'>numerum</span> <span class='ocrx_word' id='word_1_183' title='bbox 1348 1434 1530 1475; x_wconf 82' lang='lat' dir='ltr'>refertur</span> <span class='ocrx_word' id='word_1_184' title='bbox 1561 1450 1584 1475; x_wconf 91' lang='lat' dir='ltr'>a</span> <span class='ocrx_word' id='word_1_185' title='bbox 1607 1434 1795 1477; x_wconf 82' lang='lat' dir='ltr'>Graecis.</span> 
     </span>
    </p>

    <p class='ocr_par' dir='ltr' id='par_1_6' title="bbox 150 1501 1797 1624">
     <span class='ocr_line' id='line_1_21' title="bbox 150 1501 1797 1557; baseline 0.002 -15"><span class='ocrx_word' id='word_1_186' title='bbox 150 1511 182 1534; x_wconf 60' lang='grc' dir='ltr'>ΞΗ</span> <span class='ocrx_word' id='word_1_187' title='bbox 202 1517 300 1543; x_wconf 87' lang='lat' dir='ltr'>nam</span> <span class='ocrx_word' id='word_1_188' title='bbox 323 1505 365 1543; x_wconf 88' lang='lat' dir='ltr'>et</span> <span class='ocrx_word' id='word_1_189' title='bbox 386 1502 644 1554; x_wconf 84' lang='grc' dir='ltr'>πηλικότητα</span> <span class='ocrx_word' id='word_1_190' title='bbox 675 1504 716 1543; x_wconf 87' lang='lat' dir='ltr'>et</span> <span class='ocrx_word' id='word_1_191' title='bbox 737 1503 952 1554; x_wconf 75' lang='grc' dir='ltr'>ποςότητα</span> <span class='ocrx_word' id='word_1_192' title='bbox 974 1501 1135 1554; x_wconf 86' lang='lat' dir='ltr'>dicunt,</span> <span class='ocrx_word' id='word_1_193' title='bbox 1167 1516 1243 1541; x_wconf 82' lang='lat' dir='ltr'>nos</span> <span class='ocrx_word' id='word_1_194' title='bbox 1266 1503 1489 1556; x_wconf 83' lang='lat' dir='ltr'>utrumque</span> <span class='ocrx_word' id='word_1_195' title='bbox 1512 1503 1797 1557; x_wconf 83' lang='lat' dir='ltr'>appellatione</span> 
     </span>
     <span class='ocr_line' id='line_1_22' title="bbox 200 1570 648 1624; baseline 0.002 -14"><span class='ocrx_word' id='word_1_196' title='bbox 200 1585 285 1611; x_wconf 90' lang='lat' dir='ltr'>una</span> <span class='ocrx_word' id='word_1_197' title='bbox 318 1570 648 1624; x_wconf 75' lang='lat' dir='ltr'>complectimur.</span> 
     </span>
    </p>

    <p class='ocr_par' dir='ltr' id='par_1_7' title="bbox 314 1637 1862 1693">
     <span class='ocr_line' id='line_1_23' title="bbox 314 1637 1862 1693; baseline 0.001 -14"><span class='ocrx_word' id='word_1_198' title='bbox 314 1638 476 1680; x_wconf 87' lang='lat' dir='ltr'>Ultima</span> <span class='ocrx_word' id='word_1_199' title='bbox 508 1640 572 1679; x_wconf 84' lang='lat' dir='ltr'>est</span> <span class='ocrx_word' id='word_1_200' title='bbox 603 1638 930 1692; x_wconf 72' lang='lat' dir='ltr'>deprecatio,</span> <span class='ocrx_word' id='word_1_201' title='bbox 965 1637 1074 1691; x_wconf 83' lang='lat' dir='ltr'>quod</span> <span class='ocrx_word' id='word_1_202' title='bbox 1105 1652 1240 1692; x_wconf 87' lang='lat' dir='ltr'>genus</span> <span class='ocrx_word' id='word_1_203' title='bbox 1273 1652 1422 1678; x_wconf 86' lang='lat' dir='ltr'>causae</span> <span class='ocrx_word' id='word_1_204' title='bbox 1452 1638 1642 1692; x_wconf 86' lang='lat' dir='ltr'>plerique</span> <span class='ocrx_word' id='word_1_205' title='bbox 1666 1640 1862 1693; x_wconf 82' lang='lat' dir='ltr'>nega-17</span> 
     </span>
    </p>

    <p class='ocr_par' dir='ltr' id='par_1_8' title="bbox 14 1705 1814 2031">
     <span class='ocr_line' id='line_1_24' title="bbox 199 1705 1795 1760; baseline 0.001 -14"><span class='ocrx_word' id='word_1_206' title='bbox 199 1709 301 1746; x_wconf 82' lang='lat' dir='ltr'>runt</span> <span class='ocrx_word' id='word_1_207' title='bbox 338 1706 384 1747; x_wconf 85' lang='lat' dir='ltr'>in</span> <span class='ocrx_word' id='word_1_208' title='bbox 425 1705 626 1747; x_wconf 85' lang='lat' dir='ltr'>iudicium</span> <span class='ocrx_word' id='word_1_209' title='bbox 663 1720 864 1760; x_wconf 86' lang='lat' dir='ltr'>umquam</span> <span class='ocrx_word' id='word_1_210' title='bbox 903 1705 1061 1746; x_wconf 86' lang='lat' dir='ltr'>uenire.</span> <span class='ocrx_word' id='word_1_211' title='bbox 1125 1706 1226 1760; x_wconf 84' lang='lat' dir='ltr'>quin</span> <span class='ocrx_word' id='word_1_212' title='bbox 1260 1705 1405 1747; x_wconf 78' lang='lat' dir='ltr'>Cicero</span> <span class='ocrx_word' id='word_1_213' title='bbox 1445 1721 1608 1760; x_wconf 81' lang='lat' dir='ltr'>quoque</span> <span class='ocrx_word' id='word_1_214' title='bbox 1640 1721 1716 1760; x_wconf 86' lang='lat' dir='ltr'>pro</span> <span class='ocrx_word' id='word_1_215' title='bbox 1748 1710 1795 1755; x_wconf 71' lang='lat' dir='ltr'>Q.</span> 
     </span>
     <span class='ocr_line' id='line_1_25' title="bbox 17 1773 1797 1829; baseline 0 -15"><span class='ocrx_word' id='word_1_216' title='bbox 17 1823 19 1827; x_wconf 10' lang='grc' dir='ltr'>ἢ</span> <span class='ocrx_word' id='word_1_217' title='bbox 199 1774 372 1828; x_wconf 83' lang='lat' dir='ltr'>Ligario</span> <span class='ocrx_word' id='word_1_218' title='bbox 403 1774 514 1814; x_wconf 85' lang='lat' dir='ltr'>idem</span> <span class='ocrx_word' id='word_1_219' title='bbox 544 1774 695 1814; x_wconf 89' lang='lat' dir='ltr'>testari</span> <span class='ocrx_word' id='word_1_220' title='bbox 726 1773 908 1827; x_wconf 89' lang='lat' dir='ltr'>uidetur,</span> <span class='ocrx_word' id='word_1_221' title='bbox 943 1788 1037 1814; x_wconf 87' lang='lat' dir='ltr'>cum</span> <span class='ocrx_word' id='word_1_222' title='bbox 1067 1774 1191 1814; x_wconf 82' lang='lat' dir='ltr'>dicit:</span> <span class='ocrx_word' id='word_1_223' title='bbox 1225 1788 1433 1827; x_wconf 77' lang='lat' dir='ltr'>causaS,</span> <span class='ocrx_word' id='word_1_224' title='bbox 1468 1775 1680 1827; x_wconf 72' lang='lat' dir='ltr'>Caesar,</span> <span class='ocrx_word' id='word_1_225' title='bbox 1715 1775 1797 1829; x_wconf 90' lang='lat' dir='ltr'>egi</span> 
     </span>
     <span class='ocr_line' id='line_1_26' title="bbox 14 1841 1797 1896; baseline 0 -16"><span class='ocrx_word' id='word_1_226' title='bbox 14 1877 15 1880; x_wconf 75' lang='grc'>,</span> <span class='ocrx_word' id='word_1_227' title='bbox 149 1849 181 1875; x_wconf 79' lang='lat'>‘25</span> <span class='ocrx_word' id='word_1_228' title='bbox 200 1841 393 1882; x_wconf 86' lang='lat' dir='ltr'>multas</span> <span class='ocrx_word' id='word_1_229' title='bbox 433 1842 671 1896; x_wconf 85' lang='lat' dir='ltr'>equidem</span> <span class='ocrx_word' id='word_1_230' title='bbox 710 1844 903 1895; x_wconf 84' lang='lat' dir='ltr'>tecum,</span> <span class='ocrx_word' id='word_1_231' title='bbox 955 1841 1070 1882; x_wconf 87' lang='lat' dir='ltr'>dum</span> <span class='ocrx_word' id='word_1_232' title='bbox 1109 1843 1158 1881; x_wconf 91' lang='lat' dir='ltr'>te</span> <span class='ocrx_word' id='word_1_233' title='bbox 1197 1841 1249 1881; x_wconf 90' lang='lat' dir='ltr'>in</span> <span class='ocrx_word' id='word_1_234' title='bbox 1288 1841 1403 1881; x_wconf 85' lang='lat' dir='ltr'>foro</span> <span class='ocrx_word' id='word_1_235' title='bbox 1442 1842 1621 1882; x_wconf 88' lang='lat' dir='ltr'>tenuit</span> <span class='ocrx_word' id='word_1_236' title='bbox 1658 1843 1797 1883; x_wconf 86' lang='lat' dir='ltr'>ratio</span> 
     </span>
     <span class='ocr_line' id='line_1_27' title="bbox 200 1909 1814 1963; baseline 0.001 -14"><span class='ocrx_word' id='word_1_237' title='bbox 200 1911 450 1950; x_wconf 88' lang='lat' dir='ltr'>honorum</span> <span class='ocrx_word' id='word_1_238' title='bbox 473 1912 701 1963; x_wconf 80' lang='lat' dir='ltr'>tuorum,</span> <span class='ocrx_word' id='word_1_239' title='bbox 737 1912 877 1950; x_wconf 82' lang='lat' dir='ltr'>certe</span> <span class='ocrx_word' id='word_1_240' title='bbox 898 1923 1172 1962; x_wconf 84' lang='lat' dir='ltr'>numquam</span> <span class='ocrx_word' id='word_1_241' title='bbox 1194 1909 1285 1949; x_wconf 80' lang='lat' dir='ltr'>hoc</span> <span class='ocrx_word' id='word_1_242' title='bbox 1308 1924 1347 1949; x_wconf 82' lang='lat'>111</span> <span class='ocrx_word' id='word_1_243' title='bbox 1361 1909 1473 1950; x_wconf 77' lang='lat' dir='ltr'>odo:</span> <span class='ocrx_word' id='word_1_244' title='bbox 1506 1909 1814 1963; x_wconf 53' lang='lat' dir='ltr'>ignoscite,x</span> 
     </span>
     <span class='ocr_line' id='line_1_28' title="bbox 200 1977 1794 2031; baseline 0 -14"><span class='ocrx_word' id='word_1_245' title='bbox 200 1977 430 2018; x_wconf 84' lang='lat' dir='ltr'>iudices:</span> <span class='ocrx_word' id='word_1_246' title='bbox 463 1977 687 2030; x_wconf 75' lang='lat' dir='ltr'>errauit7</span> <span class='ocrx_word' id='word_1_247' title='bbox 722 1977 902 2031; x_wconf 83' lang='lat' dir='ltr'>lapsus</span> <span class='ocrx_word' id='word_1_248' title='bbox 934 1979 1034 2030; x_wconf 81' lang='lat' dir='ltr'>est,</span> <span class='ocrx_word' id='word_1_249' title='bbox 1076 1992 1175 2017; x_wconf 83' lang='lat' dir='ltr'>non</span> <span class='ocrx_word' id='word_1_250' title='bbox 1208 1978 1443 2030; x_wconf 84' lang='lat' dir='ltr'>putauit,</span> <span class='ocrx_word' id='word_1_251' title='bbox 1485 1978 1525 2018; x_wconf 86' lang='lat' dir='ltr'>si</span> <span class='ocrx_word' id='word_1_252' title='bbox 1558 1992 1794 2031; x_wconf 85' lang='lat' dir='ltr'>umquam</span> 
     </span>
    </p>

    <p class='ocr_par' dir='ltr' id='par_1_9' title="bbox 28 2638 31 2653">
     <span class='ocr_line' id='line_1_29' title="bbox 28 2638 31 2653; baseline 0 0"><span class='ocrx_word' id='word_1_253' title='bbox 28 2638 31 2653; x_wconf 75' lang='lat'>.</span> 
     </span>
    </p>
   </div>
   <div class='ocr_carea' id='block_1_3' title="bbox 291 2105 676 2146">
    <p class='ocr_par' dir='ltr' id='par_1_10' title="bbox 291 2105 676 2146">
     <span class='ocr_line' id='line_1_30' title="bbox 291 2105 676 2146; baseline -0.003 -11"><span class='ocrx_word' id='word_1_254' title='bbox 291 2106 344 2135; x_wconf 73' lang='lat'>24.</span> <span class='ocrx_word' id='word_1_255' title='bbox 371 2115 404 2146; x_wconf 87' lang='lat' dir='ltr'>p.</span> <span class='ocrx_word' id='word_1_256' title='bbox 430 2105 514 2146; x_wconf 81' lang='lat' dir='ltr'>Lig.</span> <span class='ocrx_word' id='word_1_257' title='bbox 542 2106 595 2144; x_wconf 85' lang='lat'>10,</span> <span class='ocrx_word' id='word_1_258' title='bbox 622 2106 676 2135; x_wconf 79' lang='lat'>30.</span> 
     </span>
    </p>
   </div>
   <div class='ocr_carea' id='block_1_4' title="bbox 141 2216 1798 2981">
    <p class='ocr_par' dir='ltr' id='par_1_11' title="bbox 141 2216 1798 2981">
     <span class='ocr_line' id='line_1_31' title="bbox 199 2216 1798 2259; baseline -0.001 -11"><span class='ocrx_word' id='word_1_259' title='bbox 199 2218 244 2257; x_wconf 92' lang='lat' dir='ltr'>M,</span> <span class='ocrx_word' id='word_1_260' title='bbox 273 2219 342 2248; x_wconf 83' lang='lat' dir='ltr'>iam</span> <span class='ocrx_word' id='word_1_261' title='bbox 370 2217 498 2259; x_wconf 78' lang='lat' dir='ltr'>scripti</span> <span class='ocrx_word' id='word_1_262' title='bbox 523 2226 582 2257; x_wconf 65' lang='lat' dir='ltr'>ag,</span> <span class='ocrx_word' id='word_1_263' title='bbox 611 2217 777 2258; x_wconf 78' lang='lat' dir='ltr'>inscripti</span> <span class='ocrx_word' id='word_1_264' title='bbox 805 2216 841 2257; x_wconf 82' lang='grc' dir='ltr'>(ί.</span> <span class='ocrx_word' id='word_1_265' title='bbox 867 2227 895 2247; x_wconf 75' lang='lat' dir='ltr'>e.</span> <span class='ocrx_word' id='word_1_266' title='bbox 924 2226 992 2247; x_wconf 83' lang='lat' dir='ltr'>uon</span> <span class='ocrx_word' id='word_1_267' title='bbox 1020 2216 1146 2257; x_wconf 82' lang='lat' dir='ltr'>scripti</span> <span class='ocrx_word' id='word_1_268' title='bbox 1174 2217 1218 2256; x_wconf 77' lang='lat' dir='ltr'>(f.</span> <span class='ocrx_word' id='word_1_269' title='bbox 1240 2219 1273 2257; x_wconf 71' lang='lat'>3,</span> <span class='ocrx_word' id='word_1_270' title='bbox 1294 2220 1324 2257; x_wconf 71' lang='lat'>(5,</span> <span class='ocrx_word' id='word_1_271' title='bbox 1345 2218 1406 2255; x_wconf 79' lang='lat'>37)</span> <span class='ocrx_word' id='word_1_272' title='bbox 1432 2217 1713 2258; x_wconf 61' lang='lat' dir='ltr'>‹·mzi,1S&#39;p(tl(lit29,</span> <span class='ocrx_word' id='word_1_273' title='bbox 1741 2219 1798 2258; x_wconf 69' lang='lat' dir='ltr'>qus</span> 
     </span>
     <span class='ocr_line' id='line_1_32' title="bbox 199 2262 1795 2304; baseline -0.001 -11"><span class='ocrx_word' id='word_1_274' title='bbox 199 2264 244 2294; x_wconf 80' lang='lat' dir='ltr'>ml</span> <span class='ocrx_word' id='word_1_275' title='bbox 269 2273 347 2299; x_wconf 69' lang='lat' dir='ltr'>rem,</span> <span class='ocrx_word' id='word_1_276' title='bbox 375 2264 415 2294; x_wconf 80' lang='lat' dir='ltr'>de</span> <span class='ocrx_word' id='word_1_277' title='bbox 442 2274 506 2304; x_wconf 75' lang='lat' dir='ltr'>qna</span> <span class='ocrx_word' id='word_1_278' title='bbox 532 2264 654 2303; x_wconf 55' lang='grc' dir='ltr'>(τρίταν,</span> <span class='ocrx_word' id='word_1_279' title='bbox 681 2268 760 2304; x_wconf 78' lang='lat' dir='ltr'>apte</span> <span class='ocrx_word' id='word_1_280' title='bbox 786 2263 923 2293; x_wconf 69' lang='lat' dir='ltr'>eontulit</span> <span class='ocrx_word' id='word_1_281' title='bbox 943 2264 975 2302; x_wconf 71' lang='lat'>3,</span> <span class='ocrx_word' id='word_1_282' title='bbox 995 2265 1024 2301; x_wconf 78' lang='lat' dir='ltr'>(i,</span> <span class='ocrx_word' id='word_1_283' title='bbox 1044 2264 1090 2293; x_wconf 76' lang='lat'>53</span> <span class='ocrx_word' id='word_1_284' title='bbox 1109 2267 1140 2292; x_wconf 77' lang='lat' dir='ltr'>cl</span> <span class='ocrx_word' id='word_1_285' title='bbox 1162 2265 1200 2292; x_wconf 70' lang='lat'>73·</span> <span class='ocrx_word' id='word_1_286' title='bbox 1293 2265 1311 2293; x_wconf 69' lang='lat'>&#39;2</span> <span class='ocrx_word' id='word_1_287' title='bbox 1340 2263 1484 2304; x_wconf 78' lang='lat' dir='ltr'>culpam</span> <span class='ocrx_word' id='word_1_288' title='bbox 1510 2263 1544 2293; x_wconf 84' lang='lat' dir='ltr'>in</span> <span class='ocrx_word' id='word_1_289' title='bbox 1566 2262 1707 2293; x_wconf 78' lang='lat' dir='ltr'>homine</span> <span class='ocrx_word' id='word_1_290' title='bbox 1727 2263 1795 2292; x_wconf 87' lang='lat' dir='ltr'>GM</span> 
     </span>
     <span class='ocr_line' id='line_1_33' title="bbox 289 2307 1794 2347; baseline 0 -9"><span class='ocrx_word' id='word_1_291' title='bbox 289 2309 318 2339; x_wconf 86' lang='lat' dir='ltr'>si</span> <span class='ocrx_word' id='word_1_292' title='bbox 345 2309 410 2338; x_wconf 86' lang='lat' dir='ltr'>Sa:</span> <span class='ocrx_word' id='word_1_293' title='bbox 438 2309 486 2339; x_wconf 81' lang='lat' dir='ltr'>sit</span> <span class='ocrx_word' id='word_1_294' title='bbox 510 2308 617 2338; x_wconf 87' lang='lat' dir='ltr'>AGM</span> <span class='ocrx_word' id='word_1_295' title='bbox 717 2307 850 2347; x_wconf 74' lang='lat' dir='ltr'>gradus</span> <span class='ocrx_word' id='word_1_296' title='bbox 877 2308 912 2336; x_wconf 87' lang='grc' dir='ltr'><strong>Μ</strong></span> <span class='ocrx_word' id='word_1_297' title='bbox 1028 2309 1047 2338; x_wconf 84' lang='grc'>3</span> <span class='ocrx_word' id='word_1_298' title='bbox 1075 2307 1179 2338; x_wconf 86' lang='lat' dir='ltr'>cuius</span> <span class='ocrx_word' id='word_1_299' title='bbox 1208 2307 1370 2339; x_wconf 79' lang='lat' dir='ltr'>criminis</span> <span class='ocrx_word' id='word_1_300' title='bbox 1395 2311 1493 2339; x_wconf 80' lang='lat' dir='ltr'>luctu</span> <span class='ocrx_word' id='word_1_301' title='bbox 1519 2309 1603 2339; x_wconf 75' lang='lat' dir='ltr'>coni.</span> <span class='ocrx_word' id='word_1_302' title='bbox 1630 2309 1794 2347; x_wconf 64' lang='lat' dir='ltr'>Spalding)</span> 
     </span>
     <span class='ocr_line' id='line_1_34' title="bbox 287 2351 1796 2392; baseline -0.001 -9"><span class='ocrx_word' id='word_1_303' title='bbox 287 2353 476 2384; x_wconf 81' lang='lat' dir='ltr'>uideretur</span> <span class='ocrx_word' id='word_1_304' title='bbox 501 2363 580 2384; x_wconf 75' lang='lat'><em>7103:</em></span> <span class='ocrx_word' id='word_1_305' title='bbox 606 2353 779 2384; x_wconf 79' lang='lat' dir='ltr'>uidentur</span> <span class='ocrx_word' id='word_1_306' title='bbox 804 2353 922 2392; x_wconf 83' lang='lat' dir='ltr'>AGM,</span> <span class='ocrx_word' id='word_1_307' title='bbox 949 2351 1097 2382; x_wconf 82' lang='lat' dir='ltr'>uidetur</span> <span class='ocrx_word' id='word_1_308' title='bbox 1124 2353 1174 2386; x_wconf 70' lang='grc' dir='ltr'>ὃς</span> <span class='ocrx_word' id='word_1_309' title='bbox 1281 2355 1301 2383; x_wconf 79' lang='lat'>4</span> <span class='ocrx_word' id='word_1_310' title='bbox 1328 2353 1476 2383; x_wconf 81' lang='lat' dir='ltr'>missum</span> <span class='ocrx_word' id='word_1_311' title='bbox 1504 2363 1541 2384; x_wconf 85' lang='lat' dir='ltr'>sc</span> <span class='ocrx_word' id='word_1_312' title='bbox 1570 2352 1614 2383; x_wconf 79' lang='lat' dir='ltr'>ab</span> <span class='ocrx_word' id='word_1_313' title='bbox 1640 2353 1708 2391; x_wconf 76' lang='lat' dir='ltr'>As,</span> <span class='ocrx_word' id='word_1_314' title='bbox 1734 2354 1796 2383; x_wconf 79' lang='lat' dir='ltr'>sed</span> 
     </span>
     <span class='ocr_line' id='line_1_35' title="bbox 198 2397 1795 2439; baseline -0.001 -10"><span class='ocrx_word' id='word_1_315' title='bbox 198 2398 227 2428; x_wconf 98' lang='lat' dir='ltr'>A</span> <span class='ocrx_word' id='word_1_316' title='bbox 254 2398 298 2429; x_wconf 85' lang='lat' dir='ltr'>ab</span> <span class='ocrx_word' id='word_1_317' title='bbox 324 2401 356 2429; x_wconf 82' lang='lat' dir='ltr'>z&#39;n</span> <span class='ocrx_word' id='word_1_318' title='bbox 374 2410 443 2429; x_wconf 72' lang='lat' dir='ltr'>ras.</span> <span class='ocrx_word' id='word_1_319' title='bbox 471 2399 602 2429; x_wconf 88' lang='lat' dir='ltr'>missus</span> <span class='ocrx_word' id='word_1_320' title='bbox 630 2409 709 2430; x_wconf 84' lang='lat' dir='ltr'>eam</span> <span class='ocrx_word' id='word_1_321' title='bbox 735 2399 772 2438; x_wconf 81' lang='lat' dir='ltr'>G,</span> <span class='ocrx_word' id='word_1_322' title='bbox 801 2398 922 2428; x_wconf 78' lang='lat' dir='ltr'>missis</span> <span class='ocrx_word' id='word_1_323' title='bbox 950 2407 1027 2428; x_wconf 82' lang='lat' dir='ltr'>eam</span> <span class='ocrx_word' id='word_1_324' title='bbox 1054 2398 1089 2426; x_wconf 88' lang='lat' dir='ltr'>M</span> <span class='ocrx_word' id='word_1_325' title='bbox 1205 2397 1304 2428; x_wconf 84' lang='lat' dir='ltr'>dicat</span> <span class='ocrx_word' id='word_1_326' title='bbox 1328 2397 1494 2439; x_wconf 64' lang='lat' dir='ltr'>Spaldiny</span> <span class='ocrx_word' id='word_1_327' title='bbox 1617 2397 1795 2428; x_wconf 84' lang='lat' dir='ltr'>diriuatur</span> 
     </span>
     <span class='ocr_line' id='line_1_36' title="bbox 198 2442 1793 2485; baseline -0.001 -12"><span class='ocrx_word' id='word_1_328' title='bbox 198 2444 335 2474; x_wconf 82' lang='lat' dir='ltr'>AGMS</span> <span class='ocrx_word' id='word_1_329' title='bbox 427 2446 446 2475; x_wconf 83' lang='grc'>5</span> <span class='ocrx_word' id='word_1_330' title='bbox 474 2444 556 2485; x_wconf 85' lang='lat' dir='ltr'>quid</span> <span class='ocrx_word' id='word_1_331' title='bbox 582 2444 683 2475; x_wconf 84' lang='lat' dir='ltr'>uisus</span> <span class='ocrx_word' id='word_1_332' title='bbox 710 2444 746 2482; x_wconf 86' lang='lat' dir='ltr'>G,</span> <span class='ocrx_word' id='word_1_333' title='bbox 775 2443 854 2484; x_wconf 76' lang='lat' dir='ltr'>quis</span> <span class='ocrx_word' id='word_1_334' title='bbox 880 2444 998 2474; x_wconf 76' lang='lat' dir='ltr'>iussus</span> <span class='ocrx_word' id='word_1_335' title='bbox 1024 2443 1058 2471; x_wconf 88' lang='grc' dir='ltr'><strong>Μ</strong></span> <span class='ocrx_word' id='word_1_336' title='bbox 1151 2443 1170 2472; x_wconf 85' lang='grc'>6</span> <span class='ocrx_word' id='word_1_337' title='bbox 1198 2442 1349 2474; x_wconf 82' lang='lat' dir='ltr'>fotuisse</span> <span class='ocrx_word' id='word_1_338' title='bbox 1369 2444 1395 2473; x_wconf 88' lang='lat' dir='ltr'>G</span> <span class='ocrx_word' id='word_1_339' title='bbox 1489 2451 1689 2474; x_wconf 73' lang='grc' dir='ltr'>ΜετΑεΑειΝ</span> <span class='ocrx_word' id='word_1_340' title='bbox 1717 2442 1793 2483; x_wconf 80' lang='lat' dir='ltr'>AG,</span> 
     </span>
     <span class='ocr_line' id='line_1_37' title="bbox 141 2487 1704 2527; baseline -0.001 -9"><span class='ocrx_word' id='word_1_341' title='bbox 141 2522 150 2527; x_wconf 68' lang='lat'><em>,</em></span> <span class='ocrx_word' id='word_1_342' title='bbox 200 2497 401 2521; x_wconf 75' lang='grc' dir='ltr'>ΜΕΤΑΘΕΕΙΝ</span> <span class='ocrx_word' id='word_1_343' title='bbox 427 2499 459 2525; x_wconf 86' lang='lat' dir='ltr'>a,</span> <span class='ocrx_word' id='word_1_344' title='bbox 487 2488 672 2520; x_wconf 78' lang='lat' dir='ltr'>methacin</span> <span class='ocrx_word' id='word_1_345' title='bbox 697 2489 716 2518; x_wconf 92' lang='lat' dir='ltr'>S</span> <span class='ocrx_word' id='word_1_346' title='bbox 834 2490 851 2520; x_wconf 82' lang='lat'><strong>7</strong></span> <span class='ocrx_word' id='word_1_347' title='bbox 878 2488 964 2519; x_wconf 82' lang='lat' dir='ltr'>hinc</span> <span class='ocrx_word' id='word_1_348' title='bbox 989 2488 1034 2518; x_wconf 89' lang='lat' dir='ltr'>A:</span> <span class='ocrx_word' id='word_1_349' title='bbox 1062 2498 1124 2519; x_wconf 85' lang='lat' dir='ltr'>om.</span> <span class='ocrx_word' id='word_1_350' title='bbox 1153 2488 1250 2517; x_wconf 86' lang='lat' dir='ltr'>GMS</span> <span class='ocrx_word' id='word_1_351' title='bbox 1356 2491 1419 2518; x_wconf 83' lang='lat' dir='ltr'>aut</span> <span class='ocrx_word' id='word_1_352' title='bbox 1443 2488 1506 2517; x_wconf 85' lang='lat' dir='ltr'>Sa:</span> <span class='ocrx_word' id='word_1_353' title='bbox 1534 2490 1573 2518; x_wconf 85' lang='lat' dir='ltr'>ut</span> <span class='ocrx_word' id='word_1_354' title='bbox 1597 2487 1704 2517; x_wconf 84' lang='lat' dir='ltr'>AGM</span> 
     </span>
     <span class='ocr_line' id='line_1_38' title="bbox 199 2532 1792 2567; baseline 0 -3"><span class='ocrx_word' id='word_1_355' title='bbox 199 2534 218 2564; x_wconf 79' lang='lat'>9</span> <span class='ocrx_word' id='word_1_356' title='bbox 245 2534 408 2565; x_wconf 85' lang='lat' dir='ltr'>iudicato</span> <span class='ocrx_word' id='word_1_357' title='bbox 434 2535 461 2564; x_wconf 88' lang='lat' dir='ltr'>G</span> <span class='ocrx_word' id='word_1_358' title='bbox 485 2544 511 2564; x_wconf 78' lang='lat' dir='ltr'>S.</span> <span class='ocrx_word' id='word_1_359' title='bbox 535 2536 556 2565; x_wconf 86' lang='lat' dir='ltr'>I.</span> <span class='ocrx_word' id='word_1_360' title='bbox 584 2536 656 2566; x_wconf 82' lang='lat' dir='ltr'>Im.</span> <span class='ocrx_word' id='word_1_361' title='bbox 774 2543 853 2564; x_wconf 87' lang='lat' dir='ltr'>esse</span> <span class='ocrx_word' id='word_1_362' title='bbox 882 2544 942 2567; x_wconf 75' lang='lat' dir='ltr'>om.</span> <span class='ocrx_word' id='word_1_363' title='bbox 967 2534 986 2562; x_wconf 95' lang='lat' dir='ltr'>S</span> <span class='ocrx_word' id='word_1_364' title='bbox 1111 2543 1189 2563; x_wconf 84' lang='lat' dir='ltr'>cum</span> <span class='ocrx_word' id='word_1_365' title='bbox 1215 2533 1278 2562; x_wconf 86' lang='lat' dir='ltr'>Sa:</span> <span class='ocrx_word' id='word_1_366' title='bbox 1308 2543 1386 2563; x_wconf 84' lang='lat' dir='ltr'>cum</span> <span class='ocrx_word' id='word_1_367' title='bbox 1412 2533 1517 2562; x_wconf 88' lang='lat' dir='ltr'>AGM</span> <span class='ocrx_word' id='word_1_368' title='bbox 1657 2532 1792 2564; x_wconf 82' lang='lat' dir='ltr'>fecisse</span> 
     </span>
     <span class='ocr_line' id='line_1_39' title="bbox 200 2577 1704 2621; baseline -0.001 -13"><span class='ocrx_word' id='word_1_369' title='bbox 200 2579 298 2621; x_wconf 19' lang='lat' dir='ltr'>GMAS</span> <span class='ocrx_word' id='word_1_370' title='bbox 424 2581 461 2610; x_wconf 89' lang='lat'>11</span> <span class='ocrx_word' id='word_1_371' title='bbox 489 2579 693 2610; x_wconf 82' lang='lat' dir='ltr'>ualitudine</span> <span class='ocrx_word' id='word_1_372' title='bbox 719 2580 783 2609; x_wconf 89' lang='lat' dir='ltr'>MS</span> <span class='ocrx_word' id='word_1_373' title='bbox 924 2580 962 2609; x_wconf 73' lang='lat'>12</span> <span class='ocrx_word' id='word_1_374' title='bbox 990 2587 1053 2608; x_wconf 86' lang='lat' dir='ltr'>nos</span> <span class='ocrx_word' id='word_1_375' title='bbox 1080 2577 1143 2609; x_wconf 83' lang='lat' dir='ltr'>scd</span> <span class='ocrx_word' id='word_1_376' title='bbox 1168 2579 1231 2608; x_wconf 88' lang='lat' dir='ltr'>Sa:</span> <span class='ocrx_word' id='word_1_377' title='bbox 1260 2581 1385 2609; x_wconf 82' lang='lat' dir='ltr'>nosset</span> <span class='ocrx_word' id='word_1_378' title='bbox 1410 2578 1489 2617; x_wconf 83' lang='lat' dir='ltr'>AG,</span> <span class='ocrx_word' id='word_1_379' title='bbox 1518 2580 1644 2608; x_wconf 83' lang='lat' dir='ltr'>noscet</span> <span class='ocrx_word' id='word_1_380' title='bbox 1668 2578 1704 2606; x_wconf 89' lang='lat' dir='ltr'>M</span> 
     </span>
     <span class='ocr_line' id='line_1_40' title="bbox 204 2622 1739 2664; baseline -0.001 -11"><span class='ocrx_word' id='word_1_381' title='bbox 204 2626 241 2655; x_wconf 82' lang='lat'>15</span> <span class='ocrx_word' id='word_1_382' title='bbox 268 2633 340 2664; x_wconf 85' lang='lat' dir='ltr'>qua</span> <span class='ocrx_word' id='word_1_383' title='bbox 365 2625 392 2654; x_wconf 79' lang='lat' dir='ltr'><strong>G</strong></span> <span class='ocrx_word' id='word_1_384' title='bbox 485 2624 670 2655; x_wconf 63' lang='lat' dir='ltr'>desserunt</span> <span class='ocrx_word' id='word_1_385' title='bbox 693 2625 733 2662; x_wconf 80' lang='lat' dir='ltr'>A,</span> <span class='ocrx_word' id='word_1_386' title='bbox 760 2635 802 2654; x_wconf 81' lang='lat' dir='ltr'>an</span> <span class='ocrx_word' id='word_1_387' title='bbox 829 2634 874 2655; x_wconf 65' lang='lat' dir='ltr'>ea:</span> <span class='ocrx_word' id='word_1_388' title='bbox 900 2623 1095 2655; x_wconf 67' lang='lat' dir='ltr'>deserunt?</span> <span class='ocrx_word' id='word_1_389' title='bbox 1190 2624 1230 2653; x_wconf 80' lang='lat'>16</span> <span class='ocrx_word' id='word_1_390' title='bbox 1257 2624 1420 2653; x_wconf 83' lang='lat' dir='ltr'>inmunui</span> <span class='ocrx_word' id='word_1_391' title='bbox 1446 2623 1482 2660; x_wconf 88' lang='lat' dir='ltr'>G,</span> <span class='ocrx_word' id='word_1_392' title='bbox 1510 2622 1622 2653; x_wconf 86' lang='lat' dir='ltr'>minui</span> <span class='ocrx_word' id='word_1_393' title='bbox 1647 2623 1739 2656; x_wconf 63' lang='lat' dir='ltr'>MSg</span> 
     </span>
     <span class='ocr_line' id='line_1_41' title="bbox 201 2667 1794 2705; baseline 0 -7"><span class='ocrx_word' id='word_1_394' title='bbox 201 2668 277 2699; x_wconf 82' lang='lat' dir='ltr'>fieri</span> <span class='ocrx_word' id='word_1_395' title='bbox 303 2669 395 2701; x_wconf 84' lang='lat' dir='ltr'>solet</span> <span class='ocrx_word' id='word_1_396' title='bbox 420 2669 541 2700; x_wconf 82' lang='lat' dir='ltr'>AGM:</span> <span class='ocrx_word' id='word_1_397' title='bbox 569 2670 696 2700; x_wconf 83' lang='lat' dir='ltr'>dicunt</span> <span class='ocrx_word' id='word_1_398' title='bbox 720 2669 798 2700; x_wconf 84' lang='lat' dir='ltr'>fieri</span> <span class='ocrx_word' id='word_1_399' title='bbox 824 2670 852 2705; x_wconf 75' lang='lat' dir='ltr'>S,</span> <span class='ocrx_word' id='word_1_400' title='bbox 880 2669 1015 2699; x_wconf 83' lang='lat' dir='ltr'>dicitur</span> <span class='ocrx_word' id='word_1_401' title='bbox 1040 2667 1116 2700; x_wconf 86' lang='lat' dir='ltr'>fieri</span> <span class='ocrx_word' id='word_1_402' title='bbox 1144 2669 1219 2699; x_wconf 78' lang='lat' dir='ltr'>edd.</span> <span class='ocrx_word' id='word_1_403' title='bbox 1247 2672 1326 2700; x_wconf 72' lang='lat' dir='ltr'>vett.</span> <span class='ocrx_word' id='word_1_404' title='bbox 1355 2668 1489 2698; x_wconf 76' lang='lat' dir='ltr'>dicitur</span> <span class='ocrx_word' id='word_1_405' title='bbox 1513 2668 1572 2699; x_wconf 74' lang='grc' dir='ltr'>αίίὶ</span> <span class='ocrx_word' id='word_1_406' title='bbox 1665 2668 1704 2698; x_wconf 80' lang='grc'>17</span> <span class='ocrx_word' id='word_1_407' title='bbox 1731 2671 1794 2698; x_wconf 82' lang='lat' dir='ltr'>aut</span> 
     </span>
     <span class='ocr_line' id='line_1_42' title="bbox 200 2712 1793 2755; baseline -0.001 -11"><span class='ocrx_word' id='word_1_408' title='bbox 200 2723 338 2753; x_wconf 74' lang='lat' dir='ltr'>poenae</span> <span class='ocrx_word' id='word_1_409' title='bbox 364 2725 402 2745; x_wconf 83' lang='lat' dir='ltr'>a:</span> <span class='ocrx_word' id='word_1_410' title='bbox 427 2717 467 2745; x_wconf 83' lang='lat' dir='ltr'>ut</span> <span class='ocrx_word' id='word_1_411' title='bbox 493 2725 608 2755; x_wconf 85' lang='lat' dir='ltr'>poene</span> <span class='ocrx_word' id='word_1_412' title='bbox 633 2715 708 2754; x_wconf 85' lang='lat' dir='ltr'>AG,</span> <span class='ocrx_word' id='word_1_413' title='bbox 735 2717 798 2745; x_wconf 89' lang='lat' dir='ltr'>aut</span> <span class='ocrx_word' id='word_1_414' title='bbox 824 2724 916 2755; x_wconf 87' lang='lat' dir='ltr'>pene</span> <span class='ocrx_word' id='word_1_415' title='bbox 941 2714 1003 2743; x_wconf 89' lang='lat' dir='ltr'>MS</span> <span class='ocrx_word' id='word_1_416' title='bbox 1099 2713 1138 2743; x_wconf 77' lang='lat'>18</span> <span class='ocrx_word' id='word_1_417' title='bbox 1166 2723 1206 2743; x_wconf 88' lang='lat' dir='ltr'>eo</span> <span class='ocrx_word' id='word_1_418' title='bbox 1234 2712 1326 2752; x_wconf 84' lang='lat' dir='ltr'>quod</span> <span class='ocrx_word' id='word_1_419' title='bbox 1353 2714 1372 2743; x_wconf 89' lang='lat' dir='ltr'><strong>S</strong></span> <span class='ocrx_word' id='word_1_420' title='bbox 1467 2715 1588 2743; x_wconf 74' lang='lat' dir='ltr'>statu*</span> <span class='ocrx_word' id='word_1_421' title='bbox 1612 2712 1651 2751; x_wconf 88' lang='lat' dir='ltr'>A,</span> <span class='ocrx_word' id='word_1_422' title='bbox 1680 2713 1793 2743; x_wconf 85' lang='lat' dir='ltr'>statui</span> 
     </span>
     <span class='ocr_line' id='line_1_43' title="bbox 201 2757 1793 2801; baseline -0.003 -9"><span class='ocrx_word' id='word_1_423' title='bbox 201 2758 270 2788; x_wconf 85' lang='lat' dir='ltr'>GM</span> <span class='ocrx_word' id='word_1_424' title='bbox 361 2761 403 2791; x_wconf 70' lang='lat'>‘20</span> <span class='ocrx_word' id='word_1_425' title='bbox 429 2758 664 2801; x_wconf 79' lang='grc' dir='ltr'>πηλικότητα</span> <span class='ocrx_word' id='word_1_426' title='bbox 692 2759 967 2800; x_wconf 70' lang='lat' dir='ltr'>Capfleronnier:</span> <span class='ocrx_word' id='word_1_427' title='bbox 994 2768 1222 2789; x_wconf 73' lang='grc' dir='ltr'><strong>ΠΗΝΚΟΤΗΤΑ</strong></span> <span class='ocrx_word' id='word_1_428' title='bbox 1248 2758 1287 2796; x_wconf 85' lang='lat' dir='ltr'>A,</span> <span class='ocrx_word' id='word_1_429' title='bbox 1315 2768 1499 2788; x_wconf 68' lang='lat' dir='ltr'>‘rinsso&#39;rxr</span> <span class='ocrx_word' id='word_1_430' title='bbox 1525 2758 1562 2795; x_wconf 89' lang='lat' dir='ltr'>G,</span> <span class='ocrx_word' id='word_1_431' title='bbox 1590 2757 1757 2788; x_wconf 79' lang='lat' dir='ltr'>tliecotne</span> <span class='ocrx_word' id='word_1_432' title='bbox 1774 2758 1793 2787; x_wconf 92' lang='lat' dir='ltr'>S</span> 
     </span>
     <span class='ocr_line' id='line_1_44' title="bbox 288 2802 1791 2845; baseline -0.001 -10"><span class='ocrx_word' id='word_1_433' title='bbox 288 2805 328 2835; x_wconf 81' lang='lat'>21</span> <span class='ocrx_word' id='word_1_434' title='bbox 355 2814 427 2836; x_wconf 85' lang='lat' dir='ltr'>una</span> <span class='ocrx_word' id='word_1_435' title='bbox 452 2805 499 2835; x_wconf 83' lang='lat' dir='ltr'>A:</span> <span class='ocrx_word' id='word_1_436' title='bbox 526 2816 585 2836; x_wconf 85' lang='lat' dir='ltr'>om.</span> <span class='ocrx_word' id='word_1_437' title='bbox 614 2805 712 2835; x_wconf 89' lang='lat' dir='ltr'>GMS</span> <span class='ocrx_word' id='word_1_438' title='bbox 807 2804 1043 2845; x_wconf 84' lang='lat' dir='ltr'>competimur</span> <span class='ocrx_word' id='word_1_439' title='bbox 1069 2804 1105 2841; x_wconf 86' lang='lat' dir='ltr'>G,</span> <span class='ocrx_word' id='word_1_440' title='bbox 1135 2802 1390 2844; x_wconf 76' lang='lat' dir='ltr'>amplectimur</span> <span class='ocrx_word' id='word_1_441' title='bbox 1416 2804 1434 2832; x_wconf 94' lang='lat' dir='ltr'>S</span> <span class='ocrx_word' id='word_1_442' title='bbox 1550 2804 1592 2834; x_wconf 77' lang='lat'>23</span> <span class='ocrx_word' id='word_1_443' title='bbox 1618 2802 1791 2833; x_wconf 88' lang='lat' dir='ltr'>iudicium</span> 
     </span>
     <span class='ocr_line' id='line_1_45' title="bbox 200 2847 1789 2890; baseline 0 -13"><span class='ocrx_word' id='word_1_444' title='bbox 200 2857 368 2889; x_wconf 77' lang='lat' dir='ltr'>umquam</span> <span class='ocrx_word' id='word_1_445' title='bbox 394 2851 457 2881; x_wconf 83' lang='lat' dir='ltr'>Sa:</span> <span class='ocrx_word' id='word_1_446' title='bbox 484 2850 599 2881; x_wconf 84' lang='lat' dir='ltr'>iudici</span> <span class='ocrx_word' id='word_1_447' title='bbox 624 2860 793 2890; x_wconf 86' lang='lat' dir='ltr'>umquam</span> <span class='ocrx_word' id='word_1_448' title='bbox 820 2849 860 2888; x_wconf 88' lang='lat' dir='ltr'>A,</span> <span class='ocrx_word' id='word_1_449' title='bbox 887 2849 1061 2880; x_wconf 87' lang='lat' dir='ltr'>iudicium</span> <span class='ocrx_word' id='word_1_450' title='bbox 1088 2858 1195 2888; x_wconf 83' lang='lat' dir='ltr'>quam</span> <span class='ocrx_word' id='word_1_451' title='bbox 1222 2848 1291 2877; x_wconf 86' lang='lat' dir='ltr'>GM</span> <span class='ocrx_word' id='word_1_452' title='bbox 1384 2850 1426 2879; x_wconf 62' lang='lat'>24</span> <span class='ocrx_word' id='word_1_453' title='bbox 1452 2848 1486 2878; x_wconf 79' lang='lat' dir='ltr'>id</span> <span class='ocrx_word' id='word_1_454' title='bbox 1515 2852 1570 2879; x_wconf 81' lang='lat' dir='ltr'>cst</span> <span class='ocrx_word' id='word_1_455' title='bbox 1595 2847 1725 2879; x_wconf 84' lang='lat' dir='ltr'>testari</span> <span class='ocrx_word' id='word_1_456' title='bbox 1752 2848 1789 2883; x_wconf 79' lang='lat' dir='ltr'>G,</span> 
     </span>
     <span class='ocr_line' id='line_1_46' title="bbox 200 2892 1791 2934; baseline 0.001 -13"><span class='ocrx_word' id='word_1_457' title='bbox 200 2892 234 2923; x_wconf 85' lang='lat' dir='ltr'>id</span> <span class='ocrx_word' id='word_1_458' title='bbox 260 2895 353 2925; x_wconf 88' lang='lat' dir='ltr'>enim</span> <span class='ocrx_word' id='word_1_459' title='bbox 379 2898 403 2927; x_wconf 88' lang='lat' dir='ltr'>t.</span> <span class='ocrx_word' id='word_1_460' title='bbox 428 2896 447 2924; x_wconf 91' lang='lat' dir='ltr'>S</span> <span class='ocrx_word' id='word_1_461' title='bbox 577 2896 620 2926; x_wconf 79' lang='lat'>25</span> <span class='ocrx_word' id='word_1_462' title='bbox 644 2894 778 2925; x_wconf 75' lang='lat' dir='ltr'>multas</span> <span class='ocrx_word' id='word_1_463' title='bbox 807 2893 973 2934; x_wconf 82' lang='lat' dir='ltr'>equidem</span> <span class='ocrx_word' id='word_1_464' title='bbox 1000 2894 1036 2924; x_wconf 82' lang='lat' dir='ltr'>S:</span> <span class='ocrx_word' id='word_1_465' title='bbox 1064 2893 1200 2924; x_wconf 85' lang='lat' dir='ltr'>multas</span> <span class='ocrx_word' id='word_1_466' title='bbox 1227 2895 1263 2923; x_wconf 86' lang='lat' dir='ltr'>et</span> <span class='ocrx_word' id='word_1_467' title='bbox 1290 2893 1432 2934; x_wconf 83' lang='lat' dir='ltr'>quidem</span> <span class='ocrx_word' id='word_1_468' title='bbox 1457 2893 1548 2933; x_wconf 84' lang='lat' dir='ltr'>AM,</span> <span class='ocrx_word' id='word_1_469' title='bbox 1574 2894 1636 2925; x_wconf 75' lang='lat' dir='ltr'>sed</span> <span class='ocrx_word' id='word_1_470' title='bbox 1659 2893 1687 2923; x_wconf 91' lang='lat' dir='ltr'>A</span> <span class='ocrx_word' id='word_1_471' title='bbox 1713 2902 1727 2922; x_wconf 77' lang='lat' dir='ltr'>s</span> <span class='ocrx_word' id='word_1_472' title='bbox 1756 2896 1791 2923; x_wconf 85' lang='lat' dir='ltr'>ct</span> 
     </span>
     <span class='ocr_line' id='line_1_47' title="bbox 200 2938 1697 2981; baseline 0.003 -14"><span class='ocrx_word' id='word_1_473' title='bbox 200 2938 232 2968; x_wconf 83' lang='lat' dir='ltr'>in</span> <span class='ocrx_word' id='word_1_474' title='bbox 256 2949 326 2973; x_wconf 81' lang='lat' dir='ltr'>ras.</span> <span class='ocrx_word' id='word_1_475' title='bbox 351 2939 466 2971; x_wconf 84' lang='lat' dir='ltr'>multa</span> <span class='ocrx_word' id='word_1_476' title='bbox 491 2939 554 2972; x_wconf 81' lang='lat' dir='ltr'>sed</span> <span class='ocrx_word' id='word_1_477' title='bbox 581 2939 725 2981; x_wconf 81' lang='lat' dir='ltr'>quidem</span> <span class='ocrx_word' id='word_1_478' title='bbox 752 2941 777 2970; x_wconf 92' lang='lat' dir='ltr'>G</span> <span class='ocrx_word' id='word_1_479' title='bbox 871 2939 943 2970; x_wconf 81' lang='lat' dir='ltr'>dum</span> <span class='ocrx_word' id='word_1_480' title='bbox 969 2941 1004 2969; x_wconf 85' lang='lat' dir='ltr'>tc</span> <span class='ocrx_word' id='word_1_481' title='bbox 1030 2938 1059 2968; x_wconf 88' lang='lat' dir='ltr'>A</span> <span class='ocrx_word' id='word_1_482' title='bbox 1157 2939 1198 2969; x_wconf 71' lang='lat'>‘26</span> <span class='ocrx_word' id='word_1_483' title='bbox 1224 2938 1404 2979; x_wconf 79' lang='lat' dir='ltr'>ignoscite</span> <span class='ocrx_word' id='word_1_484' title='bbox 1432 2938 1495 2969; x_wconf 70' lang='lat' dir='ltr'>iud</span> <span class='ocrx_word' id='word_1_485' title='bbox 1517 2940 1545 2969; x_wconf 90' lang='lat' dir='ltr'>A</span> <span class='ocrx_word' id='word_1_486' title='bbox 1570 2941 1602 2969; x_wconf 79' lang='lat' dir='ltr'>in</span> <span class='ocrx_word' id='word_1_487' title='bbox 1627 2950 1697 2971; x_wconf 77' lang='lat' dir='ltr'>ras,</span> 
     </span>
    </p>
   </div>
   <div class='ocr_carea' id='block_1_5' title="bbox 1469 2993 1514 3027">
    <p class='ocr_par' dir='ltr' id='par_1_12' title="bbox 1469 2993 1514 3027">
     <span class='ocr_line' id='line_1_48' title="bbox 1469 2993 1514 3027; baseline 0 -16"><span class='ocrx_word' id='word_1_488' title='bbox 1469 2993 1514 3027; x_wconf 78' lang='grc'>3*</span> 
     </span>
    </p>
   </div>
  </div>
 </body>
</html>
