1939 3180
167 117 248 159 164
691 120 985 160 QUINTILIANI
1017 104 1143 150 INSTJ
1173 119 1246 149 ou.

165 231 230 271 est
259 230 431 269 tantum
465 241 565 268 casu
597 223 748 277 simile,
781 223 950 265 etiamsi
982 221 1206 263 dissimilia
1238 220 1326 262 sint
1354 234 1461 275 quae
1493 218 1775 271 declinentur,

164 312 244 339 nec
275 298 446 338 tantum
476 294 522 335 in
552 293 639 334 fine
671 291 1018 347 deprehenditur,
1052 290 1124 332 sed
1146 280 1505 344 respondentibus
1527 287 1595 328 uel
1626 286 1776 341 primis

165 366 279 407 inter
317 379 361 405 se
398 362 467 404 uel
505 361 654 403 mediis
694 360 764 402 uel.
805 359 1006 401 extremis
1037 358 1105 400 uel
1145 357 1274 399 etiam
1313 355 1567 412 permutatis
1597 354 1685 408 his,
1729 356 1777 394 ut

168 434 307 474 media
338 431 488 487 primis
521 433 563 471 et
594 444 759 471 summa
798 424 949 469 mediis
989 426 1389 481 adcommodentur,
1433 428 1476 466 et
1513 436 1777 478 quocumque

97 503 150 544 79
165 502 289 544 modo
329 498 645 541 adcommodari
685 499 839 552 potest.
910 510 989 537 nec
1029 483 1349 549 eni»m*semper
1386 492 1562 548 paribus
1601 490 1811 546 syllabis5

167 571 350 624 constat,
374 570 423 609 ut
444 570 509 609 est
532 567 643 622 apud
664 566 840 607 Afrum:
873 566 1069 606 amisso
1091 578 1258 618 nuper
1290 560 1575 613 †infelicis
1607 558 1777 600 auleis

166 654 270 680 non
302 635 580 693 praesidio
611 635 757 676 inter
787 633 1038 689 pericula
1068 635 1246 673 tamen
1279 630 1482 672 solacio
1512 629 1660 670 inter
1692 627 1779 668 ad-

166 722 334 749 uersa.
360 707 449 748 eius
470 705 560 746 fere
582 703 784 744 uidentur
806 703 983 757 optima,
1007 701 1052 742 in
1075 701 1229 757 quibus
1251 700 1379 741 initia
1401 696 1714 740 sententiarum
1736 697 1779 736 et

165 776 273 818 fines
297 774 588 827 consentiunt,
622 774 669 813 ut
689 771 761 813 hic
793 775 804 793 τ
815 770 1044 826 praesidio,
1079 769 1275 823 solacio’,
1311 782 1404 809 cum
1438 769 1481 808 et
1511 764 1668 807 similia
1692 764 1780 805 sint

97 845 152 887 80
167 844 308 886 uerbis
331 846 373 885 et
392 843 567 898 paribus
590 841 748 883 cadant
770 842 813 882 et
834 839 982 881 eodem
1004 838 1128 879 modo
1150 838 1365 879 desinant.
1409 835 1577 887 †etiam
1599 836 1647 875 ut
1674 833 1775 887 sint,
1798 844 1829 868 10

169 913 280 969 quod
312 915 377 954 est
408 913 630 967 quartum,
670 909 872 951 membris
905 907 1175 963 aequalibus,
1217 905 1329 961 quod
1360 905 1569 947 ἰεόκωλον
1601 902 1778 943 dicitur:

169 983 259 1036 (εἰ,
294 982 550 1036 quantum
582 980 635 1020 in
659 992 788 1034 agro
810 977 1051 1032 locisque
1073 974 1308 1017 desertis
1330 972 1557 1015 audacia
1578 972 1778 1026 potest,

167 1053 374 1092 tantum
418 1049 472 1090 in
523 1047 639 1089 foro
693 1050 850 1102 atque
896 1045 1119 1087 iudiciis
1170 1041 1496 1098 inpudentia
1546 1039 1776 1081 ualeret’

170 1121 378 1162 ἰεόκωλον
424 1119 490 1159 est
528 1118 570 1158 et
613 1117 918 1168 ὁμοιόπτωτον
964 1113 1117 1155 habet:
1169 1116 1295 1154 enon
1340 1111 1510 1152 minus
1548 1123 1686 1150 nunc
1726 1108 1780 1149 in

170 1203 331 1230 causa
391 1186 605 1228 cederet
658 1184 826 1226 Aulus
881 1182 1115 1225 Caecina
1167 1180 1319 1223 Sexti
1372 1178 1575 1220 Aebuti
1628 1177 1832 1231 inpii-15

169 1257 405 1310 dentiae,
452 1269 602 1310 quam
648 1256 758 1295 tum
804 1253 856 1294 in
896 1252 945 1293 ui
991 1249 1248 1292 facienda
1287 1248 1453 1290 cessit
1498 1245 1793 1288 audaciae’1

170 1327 392 1379 ἰεόκωλον,
425 1324 750 1377 ὁμοιόπτωτον,
783 1321 1137 1374 ὁμοιοτέλευτον;
1179 1317 1345 1360 accedit
1377 1318 1418 1358 et
1451 1331 1501 1357 ex
1532 1315 1607 1356 illa
1636 1314 1778 1369 figura

170 1395 332 1450 gratia,
371 1408 455 1448 qua
494 1392 670 1434 nomina
702 1390 789 1432 dixi
826 1389 1004 1431 mutatis
1046 1388 1214 1430 casibus
1254 1386 1412 1441 repeti:
1464 1399 1567 1426 non
1604 1382 1778 1424 minus

171 1463 390 1504 cederet
422 1476 571 1516 quam
604 1460 784 1502 cessit.
848 1461 893 1500 at
923 1459 1003 1499 hoc
1044 1457 1376 1510 ὁμοιοτέλευτον
1410 1456 1452 1495 et
1482 1452 1781 1505 παρονομαεία

171 1536 255 1574 est:
288 1531 549 1573 neminem
581 1529 746 1571 alteri
776 1542 930 1584 posse
963 1527 1085 1568 dare
1116 1526 1170 1566 in
1209 1522 1632 1575 matrimonium,
1675 1519 1832 1562 nisiz’o

170 1615 330 1656 penes
362 1614 509 1655 quem
540 1599 610 1640 sit
641 1595 1036 1653 patrimonium.

103 1671 155 1713 81
286 1667 728 1723 Contrapositum
760 1668 903 1707 autem
925 1664 1007 1718 uel,
1030 1665 1077 1705 ut
1099 1663 1271 1719 quidam
1294 1662 1466 1715 uocant,
1503 1657 1781 1702 contentio

173 1738 413 1795 (ἀντίθετον
454 1737 628 1790 dicitur)
667 1750 756 1777 non
796 1748 882 1776 uno
919 1733 969 1774 fit
1005 1732 1143 1774 modo.
1206 1745 1308 1772 nam
1347 1732 1389 1771 et
1428 1730 1497 1783 fit,
1538 1729 1572 1770 si
1609 1726 1781 1782 singula

177 1806 360 1862 singulis
383 1807 674 1861 opponuntur,
707 1805 755 1844 ut
774 1804 822 1844 in
854 1816 901 1844 eo
923 1800 1036 1857 quod
1067 1799 1191 1842 modo
1223 1799 1331 1840 dixi:
1369 1797 1503 1839 uicit
1532 1796 1780 1851 pudorem

172 1875 364 1929 libido,
396 1875 637 1915 timorem
670 1871 910 1925 audacia,
954 1872 997 1912 et
1028 1870 1130 1911 bina
1161 1868 1296 1909 binis:
1348 1881 1451 1908 non
1490 1864 1666 1907 nostri
1704 1863 1781 1904 in·
1801 1875 1834 1900 25

175 1944 349 2000 genii,
384 1943 555 1984 uestri
588 1940 781 1983 auxilii
805 1941 905 1993 est,
941 1941 984 1980 et
1006 1937 1248 1980 sententiae
1271 1935 1518 1978 sententiis:
1552 1933 1782 1975 domine-

267 2063 319 2095 12.
350 2060 427 2094 Cic,
456 2070 489 2101 p.
518 2057 628 2092 Caco.
655 2060 673 2097 ξ
701 2059 731 2089 1.
827 2058 882 2089 25.
908 2066 979 2087 non
1004 2052 1133 2096 nostri]
1162 2065 1195 2096 p.
1216 2052 1362 2085 Cluent.
1383 2053 1412 2093 1,
1432 2053 1464 2086 4.
1551 2051 1605 2084 26.
1631 2049 1682 2084 ib.
1699 2051 1731 2090 2,
1751 2049 1782 2080 5.

266 2166 283 2196 1
312 2167 368 2196 est
393 2166 534 2194 tantum
562 2171 669 2193 casus
696 2159 813 2192 simile
841 2162 899 2191 est
925 2159 1037 2191 etiam
1071 2158 1177 2196 (casu
1203 2156 1323 2189 simile
1351 2155 1498 2187 etiamsi
1523 2155 1553 2185 A
1578 2151 1686 2193 corr.)
1714 2152 1784 2183 dis—

175 2210 311 2243 similia
336 2210 446 2240 AGM
567 2209 586 2239 2
613 2206 677 2239 sed
704 2207 741 2237 S:
770 2209 806 2238 et
830 2204 939 2237 AGM
1055 2202 1368 2245 respondentibus
1391 2202 1535 2243 scripsi:
1561 2198 1786 2241 respondent

175 2257 295 2296 AGM,
322 2255 456 2287 rfident
480 2255 511 2294 S,
538 2252 737 2296 respondet
762 2260 783 2286 ς
891 2253 912 2283 4
937 2249 1259 2283 accommodentur
1283 2249 1323 2289 A,
1352 2250 1388 2278 et
1414 2245 1688 2279 commodentur
1714 2244 1783 2274 GM

269 2305 288 2334 5
315 2300 551 2333 accomodari
577 2299 604 2330 G
708 2307 777 2329 nec
802 2298 882 2329 mei:
909 2306 1028 2338 neque
1055 2296 1132 2327 edd.
1251 2296 1270 2326 6
1297 2293 1416 2325 auleis
1441 2292 1588 2331 AGMS,
1616 2290 1725 2322 aulae
1752 2289 1783 2319 si

177 2349 255 2382 edd.
281 2349 355 2379 sine
379 2358 496 2381 sensu:
521 2348 595 2387 ipse
613 2346 646 2376 z'n
665 2346 737 2376 Ioco
753 2344 830 2383 fere
848 2345 1056 2375 conclamato
1075 2341 1220 2373 tentoni:
1248 2340 1383 2371 amisso
1402 2350 1436 2371 n.
1454 2336 1665 2370 infelicibus
1685 2334 1784 2366 ausis

176 2404 249 2425 non
275 2393 379 2425 modo
405 2392 592 2434 praesidio
618 2391 716 2421 inter
733 2389 912 2431 pericula,
939 2388 1001 2420 sed
1023 2389 1133 2419 etiam
1154 2386 1293 2417 solacio
1312 2385 1334 2417 i.
1356 2395 1389 2418 a.
1483 2385 1501 2416 7
1528 2382 1661 2415 solatio
1678 2381 1782 2419 AGS,

177 2441 252 2471 item
276 2440 372 2480 infra
465 2440 485 2471 8
510 2438 595 2476 fort.
623 2436 764 2478 optima
791 2434 958 2477 exempla
1068 2435 1087 2465 9
1114 2431 1324 2474 ‘praesidio
1350 2430 1499 2471 solacio,
1527 2427 1693 2471 pericula
1719 2425 1782 2457 ad—

177 2488 309 2517 uersa’
335 2486 530 2525 suspicatur
550 2483 589 2517 G.
609 2480 828 2515 Laubmamz:
854 2483 995 2512 lacunae
1021 2480 1188 2510 indic-imm
1202 2487 1382 2519 superesse
1408 2477 1542 2507 uidetur
1567 2476 1600 2506 in
1626 2475 1682 2505 illo
1708 2482 1783 2504 cor-

177 2536 278 2572 rupto
305 2530 447 2572 pedem,
474 2530 565 2572 quod
587 2529 740 2571 sequitur
811 2528 830 2558 9
851 2536 931 2558 cum
958 2528 994 2557 et
1018 2525 1162 2566 scripsi:
1188 2523 1317 2565 pedem
1345 2526 1381 2554 et
1405 2522 1493 2561 libri,
1519 2530 1639 2563 paene
1665 2522 1704 2549 ut
1728 2518 1781 2550 ed.

179 2577 307 2608 Aldina
334 2581 366 2608 et
392 2584 412 2610 ς
502 2577 542 2607 10
569 2578 604 2606 et
630 2585 650 2605 a
677 2572 829 2614 paribus
854 2571 884 2602 A
976 2570 1081 2602 modo
1106 2570 1136 2599 A
1160 2569 1193 2600 z‘n
1218 2579 1287 2602 ras.
1363 2569 1475 2599 etiam
1500 2571 1540 2597 ut
1567 2566 1639 2597 sint
1663 2564 1780 2601 AGM,

179 2622 288 2653 etiam
316 2625 354 2653 ut
380 2622 458 2653 sine
485 2621 609 2652 uerbis
637 2621 667 2659 S,
692 2618 775 2657 fort.
805 2618 843 2649 fit
870 2617 980 2649 etiam
1077 2617 1115 2647 11
1143 2623 1353 2646 ICOKOMMON
1372 2613 1412 2653 A,
1437 2614 1500 2644 sed
1515 2620 1643 2643 OMMON
1661 2611 1694 2640 in
1711 2619 1780 2640 rus.

179 2677 375 2700 YCOKMAON
403 2667 429 2697 G
527 2668 565 2698 14
590 2664 750 2698 ΙεΟΚωλΝ
776 2664 804 2694 A
829 2664 892 2695 sed
915 2663 1038 2703 partim
1063 2662 1097 2692 in
1121 2671 1192 2693 ras.
1217 2669 1378 2692 IOCKwaN
1406 2660 1432 2690 G
1525 2663 1782 2688 οΜΟΙοΠΤοΤΟΝ

179 2714 254 2753 AG,
280 2714 357 2745 item
374 2725 405 2744 u.
427 2714 466 2743 17
586 2713 627 2743 15
654 2709 828 2742 caederet
852 2710 930 2746 AG,
958 2710 1032 2740 item
1050 2719 1080 2738 n.
1103 2708 1144 2737 19
1254 2707 1367 2738 aelnctz'
1390 2702 1632 2746 impudentiae
1657 2701 1686 2731 A

183 2760 222 2790 16
249 2769 357 2799 (piam
384 2762 461 2789 tum
487 2768 523 2789 a:
554 2759 729 2798 quantum
747 2755 882 2786 AGMS
978 2755 1018 2786 17
1045 2762 1277 2785 Icommoson
1295 2749 1374 2782 A¹G
1467 2754 1782 2780 οΜΟΙοΤεΑεγετοΝ

181 2806 219 2844 G,
245 2813 473 2836 OMOIOTCAON
492 2804 521 2834 A
548 2801 632 2846 (ΛΟΝ
650 2803 684 2833 z‘n
702 2812 773 2833 ras.
791 2800 933 2840 minore)
1031 2798 1170 2830 accidit
1195 2798 1283 2834 libri,
1310 2808 1369 2828 em.
1389 2795 1514 2836 Regius
1609 2793 1648 2825 19
1676 2801 1783 2834 quam

181 2850 343 2881 incesset
367 2850 396 2880 A
421 2856 498 2880 (nile
525 2859 679 2880 rasuram
703 2853 738 2879 ut
762 2848 898 2878 uidetur
1014 2848 1052 2876 at
1077 2844 1147 2875 hoc
1171 2844 1313 2885 scripsi:
1341 2841 1387 2872 ad
1412 2841 1482 2872 huc
1508 2838 1621 2880 (hune
1647 2837 1682 2879 S)
1707 2837 1786 2869 libri

271 2896 314 2927 20
339 2895 376 2926 in
402 2906 463 2929 om.
489 2895 561 2925 AM
655 2895 697 2925 23
723 2901 902 2924 ANTIGTON
928 2890 982 2929 A¹,
1009 2899 1192 2922 ANTIOTON
1213 2890 1240 2919 G
1288 2886 1296 2892 “
1332 2886 1372 2918 fit
1398 2886 1429 2917 si
1446 2887 1481 2919 S:
1509 2884 1549 2915 fit
1566 2885 1646 2922 GM,
1673 2884 1727 2916 sic
1743 2883 1781 2920 A,

182 2940 211 2971 si
237 2941 312 2972 edd.
338 2951 427 2972 rece.
560 2941 603 2971 25
628 2939 718 2970 uina
744 2938 839 2969 uinis
865 2936 905 2968 A¹
1024 2935 1151 2977 ingeni
1175 2933 1218 2965 Αι
1341 2933 1384 2963 26
1410 2930 1539 2963 auxilii
1564 2929 1593 2960 A
1619 2940 1708 2963 carr.
1738 2940 1784 2961 ea·

185 2985 267 3016 auxi
363 2985 548 3018 sententia
576 2983 792 3017 esententiis
817 2981 901 3020 A¹G,
930 2982 1120 3014 sententia
1147 2990 1167 3011 a
1194 2981 1289 3011 sent.
1317 2979 1336 3008 S
