1939 3228
133 865 163 889 lo

132 1544 164 1568 20

133 1882 164 1907 25

784 133 846 161 xi.
892 130 926 171 3,
960 128 1175 159 152-—115-2.
1688 116 1770 157 300

181 237 320 279 danda
349 236 490 277 breuis
523 235 773 290 cogitationi
801 248 939 275 mora:
970 233 1075 274 mire
1098 233 1210 273 enim
1232 232 1475 272 auditurum
1496 229 1649 271 dicturi
1672 243 1770 270 cura

182 306 365 346 delectat
411 306 451 344 et
496 302 619 343 iudex
673 317 716 343 se
768 303 857 356 ipse
898 301 1124 355 componit.
1192 300 1272 340 hoc
1312 299 1522 354 praecipit
1560 297 1771 338 Homerus
1794 296 1870 337 158

186 373 319 414 Ulixis
351 366 556 424 exemplo,
590 384 712 424 quem
745 370 913 410 stetisse
944 368 1075 409 oculis
1097 369 1142 408 in
1164 370 1322 408 terram
1343 366 1491 407 defixis
1513 366 1770 419 immotoque

182 442 362 495 sceptro,
396 434 641 494 priusquam
671 437 788 478 illam
820 436 1086 490 eloquentiae
1117 435 1348 489 procellam
1369 434 1617 487 effunderet,
1652 433 1768 473 dicit.

182 509 226 549 in
257 508 337 549 hac
371 507 643 549 cunctatione
674 507 772 546 sunt
803 504 1009 560 quaedam
1039 518 1125 544 non
1158 503 1425 556 indecentes,
1466 504 1513 543 ut
1553 500 1771 555 appellant

182 576 381 629 scaenici,
414 590 577 616 morae:
611 576 739 628 caput
769 573 967 626 mulcere,
1000 586 1172 612 manum
1205 571 1373 624 intueri,
1405 570 1642 624 infringere
1671 568 1771 609 arti-

183 644 310 697 culos,
344 643 542 684 simulare
575 645 786 694 conatum,
829 640 1111 695 suspiratione
1144 638 1475 680 sollicitudinem
1504 637 1654 690 fateri,
1699 638 1771 676 aut

182 711 291 766 quod
323 725 529 765 quemque
561 710 697 764 magis
730 709 862 761 decet,
897 711 940 748 et
971 722 1019 748 ea
1051 708 1228 759 diutius,
1269 707 1303 747 si
1333 706 1458 747 iudex
1488 704 1677 746 nondum
1707 704 1770 744 111-

182 780 330 821 tendet
361 779 563 820 animum.
626 780 762 818 status
795 777 849 817 sit
870 778 1022 829 rectus,
1058 776 1179 830 aequi
1209 777 1250 815 et
1272 774 1432 815 diducti
1453 773 1625 828 paulum
1647 772 1774 826 pedes
1795 771 1871 812 159

182 847 250 889 uel
270 847 503 902 procedens
534 846 709 887 minimo
731 847 946 886 momento
969 844 1160 885 sinister:
1193 857 1332 897 genua
1364 844 1495 895 recta,
1529 841 1589 881 sic
1612 843 1768 889 tamen,

184 918 231 957 ut
261 929 348 956 non
380 915 686 956 extendantur:
717 913 851 954 umeri
882 913 1059 965 remissi,
1091 911 1234 952 uultus
1257 924 1442 963 seuerus,
1476 924 1562 950 non
1584 910 1771 948 maestus

181 998 261 1025 nec
305 985 480 1037 stupens
526 997 604 1023 nec
642 981 891 1036 languidus:
937 979 1111 1020 brachia
1159 994 1182 1019 a
1223 979 1356 1019 latere
1393 977 1555 1018 modice
1594 978 1770 1028 remota,

182 1065 334 1092 manus
365 1050 552 1103 sinistra,
584 1049 753 1104 qualem
785 1063 912 1102 supra
935 1046 1236 1099 demonstraui,
1271 1046 1432 1099 dextra,
1469 1059 1562 1086 cum
1592 1045 1678 1085 iam
1708 1044 1772 1084 in-

185 1119 426 1174 cipiendum
466 1118 565 1169 erit,
607 1117 780 1171 paulum
811 1116 977 1170 prolata
1008 1115 1120 1155 ultra
1152 1115 1291 1155 sinum
1323 1116 1445 1167 gestu
1477 1127 1602 1167 quam
1634 1112 1771 1152 mode-

133 1205 145 1228 1
184 1188 383 1241 5115511110,
423 1185 541 1227 uelut
572 1187 785 1240 spectans,
819 1184 986 1239 quando
1018 1183 1309 1237 incipiendum
1341 1182 1409 1222 sit.
1472 1181 1623 1221 uitiosa
1656 1180 1869 1224 6111111161)

183 1258 283 1298 sunt
313 1255 400 1308 illa,
433 1254 588 1295 intueri
620 1253 851 1307 lacunaria,
883 1252 1113 1307 perfricare
1144 1250 1298 1291 faciem
1330 1253 1372 1291 et
1393 1249 1514 1304 quasi
1535 1248 1772 1302 improbam

182 1326 345 1375 facere,
385 1323 560 1364 tendere
601 1321 857 1363 confidentia
897 1321 1060 1361 uultum
1100 1321 1190 1372 aut,
1231 1332 1311 1372 quo
1350 1318 1405 1358 sit
1442 1317 1579 1372 magis
1610 1319 1770 1368 toruus,

184 1392 421 1446 superciliis
460 1390 719 1444 astringere,
771 1388 944 1443 capillos
992 1402 1015 1428 a
1054 1387 1196 1428 fronte
1237 1388 1384 1426 contra
1423 1387 1622 1425 naturam
1660 1386 1773 1425 retro

185 1474 325 1515 agere,
359 1462 405 1501 ut
437 1459 493 1500 sit
523 1458 672 1498 horror
702 1457 772 1498 ille
804 1455 1028 1498 terribilis:
1060 1458 1163 1508 tum,
1196 1454 1238 1494 id
1270 1453 1379 1508 quod
1403 1452 1554 1494 Graeci
1576 1452 1772 1506 frequen-

183 1528 345 1569 tissime
377 1527 554 1579 faciunt,
591 1525 736 1567 crebro
768 1525 997 1579 digitorum
1029 1523 1318 1576 labiorumque
1340 1523 1457 1562 motu
1481 1519 1771 1572 commentari,

185 1596 294 1637 clare
341 1608 556 1646 excreare,
604 1593 752 1647 pedem
792 1592 972 1633 alterum
1011 1592 1139 1645 longe
1178 1589 1387 1644 proferre,
1434 1590 1599 1642 partem
1646 1590 1771 1642 togae

185 1664 359 1705 sinistra
397 1666 563 1716 tenere,
609 1664 721 1702 stare
754 1660 970 1701 diductum
1016 1659 1083 1699 uel
1123 1657 1308 1713 rigidum
1354 1656 1421 1697 uel
1468 1657 1668 1710 supinum
1706 1654 1774 1695 uel

183 1733 408 1773 incuruum
439 1730 506 1771 uel
538 1729 707 1781 umeris,
750 1731 796 1769 ut
827 1727 1029 1768 luctaturi
1061 1727 1220 1779 solent,
1263 1725 1315 1765 ad
1347 1724 1591 1778 occipitium
1623 1723 1773 1763 ductis.

297 1798 516 1840 Prooemio
546 1796 891 1851 frequentissime
922 1794 1030 1835 lenis
1071 1793 1270 1835 conuenit
1308 1791 1619 1846 pronuntiatio:
1666 1790 1772 1831 1111111
1796 1796 1867 1835 llil

186 1868 298 1908 enim
331 1869 392 1907 est
416 1866 465 1907 ad
492 1864 805 1906 conciliandum
827 1863 991 1918 gratius
1013 1861 1281 1913 uerecundia,
1315 1875 1402 1901 non
1423 1862 1566 1900 tamen
1590 1873 1774 1913 semper:

185 1949 321 1989 neque
361 1934 473 1975 6111111
512 1948 597 1974 uno
628 1932 751 1973 modo
784 1932 982 1973 dicuntur
1013 1929 1204 1983 exordia,
1245 1932 1293 1970 ut
1332 1928 1467 1969 docui.
1529 1927 1774 1981 plerumque

185 2006 329 2043 tamen
369 2005 409 2043 et
449 2016 528 2041 uox
567 2002 804 2054 temperata
844 2002 885 2039 et
924 2000 1070 2053 gestus
1108 1998 1321 2038 modestus
1362 1999 1403 2037 et
1443 1995 1592 2037 sedens
1631 2008 1774 2035 umero

186 2073 285 2125 toga
317 2072 357 2110 et
389 2069 568 2109 laterum
600 2068 706 2108 lenis
747 2067 792 2107 111
830 2069 1053 2120 utramque
1086 2066 1259 2119 ‘partem
1298 2071 1458 2117 motus,
1501 2063 1645 2104 eodem
1684 2077 1774 2120 spe-

189 2137 404 2179 crantibus
420 2136 564 2189 oculis,
579 2135 757 2176 decebit.
783 2134 974 2175 narratio
988 2133 1125 2187 magis
1140 2133 1351 2187 prolatam
1368 2146 1554 2184 inanum,
1573 2131 1773 2171 amictum
1794 2135 1869 2175 162

276 2288 307 2317 ⁵3.
334 2285 438 2317 Iliad.
465 2289 496 2325 3,
524 2287 598 2317 217.

279 2425 293 2452 1
322 2432 421 2452 mora
448 2422 503 2452 ira
530 2421 622 2452 enim
651 2422 670 2451 b
763 2422 781 2450 ·.'
808 2418 993 2450 delectant
1018 2420 1038 2449 b
1133 2429 1169 2449 56
1196 2419 1238 2448 Β;
1268 2418 1318 2449 sic
1345 2419 1379 2446 M
1487 2419 1506 2449 3
1534 2417 1714 2456 immoque
1741 2416 1772 2455 b,

187 2469 406 2508 imototoque
432 2467 470 2506 B,
497 2477 567 2498 11110
592 2470 740 2506 totoque
766 2465 800 2494 Μ
938 2466 957 2495 4
985 2464 1084 2495 ducit
1108 2464 1159 2503 Bg
1185 2469 1261 2494 anca
1287 2474 1440 2494 rasuram
1579 2463 1599 2492 5
1626 2461 1694 2492 hac
1720 2461 1774 2490 M:

186 2514 281 2544 hanc
306 2513 331 2543 Β
404 2512 676 2544 cunctationem
701 2511 735 2540 M
807 2511 823 2540 ῖ
851 2510 1091 2550 suspiratione
1116 2510 1136 2539 b
1208 2510 1226 2539 ὀ
1247 2513 1282 2540 et
1301 2519 1343 2539 ea
1363 2518 1441 2539 llos:
1470 2518 1512 2538 ca
1538 2507 1619 2545 BM,
1655 2516 1772 2546 eaque

188 2560 241 2591 ml.
262 2558 371 2589 Basil.
397 2562 429 2588 et
455 2566 475 2591 ς
539 2556 679 2587 diucius
705 2556 765 2595 Bn,
794 2555 853 2585 diu
882 2556 983 2586 cuius
1010 2556 1044 2584 M
1115 2556 1133 2585 9
1160 2558 1278 2585 status
1304 2553 1389 2594 quid
1416 2555 1518 2583 rectu
1544 2562 1607 2583 scu
1633 2551 1697 2583 sed
1724 2551 1774 2582 ‹li-

188 2604 287 2635 ‹lucti
313 2603 333 2632 b
448 2602 558 2642 pedes
586 2619 624 2622 —
651 2605 773 2633 tamen
801 2611 860 2630 om.
887 2600 920 2629 M
1037 2601 1077 2631 10
1104 2600 1190 2630 mini
1216 2600 1236 2629 h
1361 2600 1397 2628 11
1428 2597 1622 2629 extendam
1648 2598 1668 2627 b

189 2651 228 2680 12
253 2647 431 2679 bracchia
456 2648 481 2677 B
597 2646 734 2678 modice
759 2656 819 2678 om,
846 2646 881 2674 M
999 2647 1038 2677 15
1065 2647 1238 2685 spectans
1262 2645 1349 2674 BM:
1379 2646 1596 2684 exspectans
1622 2643 1673 2676 bf,

189 2695 228 2725 16
255 2693 424 2724 lacuaria
449 2693 501 2732 Bg
527 2695 598 2722 lm.
717 2691 916 2731 perfricare
942 2691 980 2721 b:
1015 2690 1209 2731 perfricari
1234 2690 1304 2719 ΒΜ
1419 2687 1586 2729 improba
1610 2687 1672 2717 Mb

188 2741 226 2771 17
256 2738 472 2770 confidenti-[1
498 2737 636 2768 uultum
662 2737 741 2771 ΒΜ,
768 2735 986 2767 confidentia
1013 2735 1133 2766 uolum
1158 2735 1178 2765 b
1272 2734 1394 2765 1011105
1420 2732 1660 2774 superciliciis
1686 2733 1706 2763 b

190 2785 228 2815 18
256 2783 410 2825 capillos
436 2784 473 2813 b:
504 2781 637 2824 capillo
664 2782 732 2812 BM
798 2777 806 2785 ⁶
866 2782 904 2812 19
932 2780 1224 2821 frequentissime
1252 2785 1283 2810 et
1307 2781 1407 2819 paldo
1433 2783 1509 2819 post
1538 2778 1775 2809 commentari

186 2847 229 2851 —-
257 2832 352 2860 stare
380 2840 441 2861 0771.
467 2829 502 2858 M
625 2828 667 2858 20
694 2826 945 2866 labiorumque
973 2826 1113 2866 li'egyius:
1140 2824 1376 2864 laborumque
1402 2825 1433 2864 b,
1463 2823 1710 2863 librorumque
1736 2824 1774 2862 B,

188 2874 353 2915 libroque
379 2875 413 2904 M
506 2875 638 2903 motum
667 2873 687 2902 b
803 2872 841 2901 ⁴21
872 2881 1045 2902 excreare
1071 2871 1109 2901 b:
1135 2881 1196 2901 om.
1223 2870 1248 2899 B
1347 2879 1474 2910 pacem
1502 2872 1526 2901 t.
1554 2878 1579 2900 5.
1606 2872 1730 2909 tegure
1754 2870 1774 2899 b

279 2921 321 2950 23
346 2919 521 2950 lutacturi
547 2918 583 2957 B,
611 2917 741 2948 luctari
768 2917 802 2945 M
896 2916 1112 2956 occipicium
1137 2916 1189 2954 Bg
1213 2926 1303 2948 corr.
1329 2926 1374 2946 ea:
1399 2914 1577 2955 occipium
1672 2914 1714 2944 26
1742 2915 1775 2944 111

190 2974 259 2995 11110
287 2964 389 2996 modo
415 2965 459 3004 M,
488 2973 615 2994 111101110
643 2964 662 2993 b
756 2963 796 2992 27
824 2971 937 3002 genus
963 2962 983 2991 b
1078 2962 1118 2992 25
1146 2965 1230 3001 togo
1254 2961 1274 2991 b
1368 2963 1520 3001 utraque
1547 2962 1650 3001 parte
1677 2961 1696 2991 b
