1939 3228
122 505 138 530 5

105 843 138 867 10

105 1181 138 1206 15

105 1521 138 1546 20

754 122 835 152 xn.
878 119 938 165 10,
969 118 1142 151 44—52.
1661 108 1744 150 353

155 226 272 278 tant,
311 239 336 265 a
369 224 671 279 componendis
701 226 847 265 tamen
878 223 1141 265 orationibus
1173 223 1433 265 excludenda
1465 222 1742 263 arbitrentur.

156 292 352 347 quocirca
382 292 486 332 mihi
516 306 570 332 ne
601 291 671 332 hic
702 291 871 346 quidem
900 292 1016 333 locus
1037 292 1226 332 intactus
1248 293 1312 332 est
1332 290 1612 332 omittendus:
1644 305 1744 331 nam

156 360 327 415 plurimi
359 358 618 404 eruditorum
649 359 776 399 aliam
809 373 898 400 esse
929 359 1096 400 dicendi
1128 359 1350 413 rationem,
1382 359 1509 399 aliam
1531 358 1744 399 scribendi

156 430 437 482 putauerunt,
470 427 644 481 ideoque
675 427 721 467 in
754 427 919 481 agendo
951 426 1204 468 clarissimos
1236 426 1438 481 quosdam
1468 426 1577 467 nihil
1607 428 1743 480 poste-

157 496 276 536 ritati
306 495 600 549 mansurisque
638 508 736 535 mox
766 494 922 535 litteris
960 494 1200 548 reliquisse,
1240 497 1288 535 ut
1318 494 1546 548 Periclem,
1586 496 1634 534 ut
1664 493 1744 534 De-

156 563 333 604 maden:
363 577 508 603 rursus
540 562 644 603 alios
674 562 726 603 ad
749 562 1086 616 componendum
1107 562 1289 616 optimos
1311 562 1550 603 actionibus
1571 561 1744 602 idoneos

156 645 244 672 non
273 630 419 684 fuisse,
452 632 500 670 ut
520 629 760 671 Isocraten:
791 632 1010 684 praeterea
1040 629 1082 671 in
1117 630 1282 684 agendo
1313 629 1407 684 plus
1436 629 1642 684 impetum
1673 628 1812 670 zia-50

156 702 239 739 lere
268 697 516 752 plerumque
548 700 590 738 et
619 698 776 752 petitas
807 697 874 738 uel
904 698 1031 752 paulo
1051 697 1250 738 licentius
1273 698 1529 752 uoluptates,
1564 711 1742 738 commo-

157 765 317 807 uendos
363 765 476 807 enim
522 780 613 807 esse
654 765 948 820 ducendosque
988 766 1149 806 animos
1187 765 1501 819 imperitorum:
1546 767 1591 806 at
1634 765 1744 819 quod

156 833 276 874 libris
307 833 548 874 dedicatum
580 833 625 874 in
657 833 895 888 exemplum
927 833 1094 886 edatur,
1134 833 1177 873 id
1207 835 1366 874 tersum
1398 847 1447 874 ac
1476 832 1670 873 limatum
1703 835 1745 873 et

157 902 210 942 ad
239 901 379 956 legem
410 911 460 942 ac
490 900 682 956 regulam
714 901 992 956 compositum
1024 914 1113 942 esse
1145 903 1359 954 oportere,
1393 900 1491 955 quia
1521 901 1667 941 ueniat
1697 900 1743 941 in

156 983 307 1009 manus
339 960 557 1010 doctorum
588 971 630 1010 et
660 969 820 1010 iudices
851 969 954 1010 artis
985 969 1143 1010 habeat
1174 968 1370 1009 artifices.
1421 969 1524 1022 quin
1555 968 1618 1009 illi
1649 968 1808 1009 sub—¹51

156 1036 273 1090 tiles,
310 1038 359 1077 ut
395 1036 567 1077 sibimet
604 1051 654 1077 ac
694 1036 840 1077 multis
878 1039 1200 1090 persuaserunt,
1245 1036 1442 1091 magistri
1480 1037 1744 1088 παράδειγμα

155 1103 348 1158 dicendo,
382 1105 595 1157 ἐνθύμημα
626 1104 850 1145 scribendo
881 1119 971 1145 esse
1003 1105 1143 1159 aptius
1164 1104 1445 1145 tradiderunt.
1487 1103 1591 1144 mihi
1613 1119 1743 1145 unum

157 1174 282 1226 atque
313 1171 424 1212 idem
455 1172 623 1213 uidetur
653 1172 761 1213 bene
800 1173 938 1213 dicere
976 1187 1025 1214 ac
1063 1173 1171 1213 bene
1211 1172 1414 1225 scribere,
1455 1185 1591 1226 neque
1630 1171 1743 1212 aliud

157 1254 247 1281 esse
277 1240 413 1280 oratio
444 1240 604 1294 scripta
634 1254 760 1294 quam
790 1242 1113 1281 monumentum
1145 1240 1325 1281 actionis
1355 1239 1540 1280 habitae.
1602 1240 1743 1294 itaque

155 1307 296 1348 nullas
327 1322 428 1361 non,
462 1310 509 1348 ut
539 1307 703 1362 opinor,
737 1307 863 1349 debet
893 1308 1049 1349 habere
1080 1308 1275 1361 uirtutes,
1311 1312 1478 1349 uirtutes
1509 1306 1624 1360 dico,
1656 1321 1743 1347 non

155 1375 276 1416 uitia.
338 1390 438 1416 nam
477 1375 672 1430 inperitis
709 1375 877 1430 placere
917 1376 1144 1430 aliquando
1181 1390 1288 1430 quae
1326 1375 1480 1416 uitiosa
1517 1375 1605 1415 sint
1636 1375 1742 1416 scio:

157 1457 237 1497 quo
269 1442 466 1484 different
495 1442 658 1498 igitur?
698 1444 846 1498 quodsi
876 1443 981 1485 mihi
1012 1444 1083 1485 des
1117 1443 1339 1485 consilium
1369 1443 1556 1484 iudicum
1577 1443 1742 1497 sapien·
1756 1445 1810 1486 52

158 1510 290 1565 tium,
336 1525 540 1566 perquam
584 1511 720 1569 multa
761 1511 946 1553 recidam
991 1527 1040 1553 ex
1086 1511 1349 1553 orationibus
1395 1526 1482 1553 non
1528 1510 1742 1553 Ciceronis

156 1578 300 1632 modo,
349 1579 422 1620 sed
460 1579 588 1621 etiam
628 1579 739 1633 eius,
789 1579 859 1633 qui
900 1582 964 1620 est
1002 1579 1191 1620 strictior
1228 1579 1383 1632 multo,
1423 1578 1740 1620 Demosthenis.

155 1661 291 1701 neque
323 1647 435 1687 enim
467 1647 659 1689 adfectus
690 1647 863 1688 omnino
894 1647 1091 1688 mouendi
1122 1649 1246 1687 erunt
1284 1661 1361 1687 nec
1401 1661 1521 1687 aures
1560 1647 1741 1688 delecta-

154 1713 271 1755 tione
301 1714 564 1769 mulcendae,
597 1730 691 1757 cum
722 1715 850 1756 etiam
881 1715 1096 1769 prooemia
1117 1728 1378 1768 superuacua
1402 1729 1491 1755 esse
1513 1715 1623 1769 apud
1644 1715 1743 1756 talis

92 1830 94 1832 v
155 1781 408 1823 Aristoteles
441 1783 669 1837 existimet,
702 1797 789 1824 non
821 1782 934 1823 enim
965 1781 1189 1823 trahentur
1210 1781 1275 1823 his
1297 1782 1360 1823 illi
1382 1782 1615 1837 sapientes:
1648 1797 1741 1837 pro-

104 1860 117 1883 ι
155 1850 246 1903 prie
279 1852 320 1890 et
351 1850 646 1904 significanter
676 1865 765 1891 rem
785 1850 987 1903 indicare,
1019 1850 1292 1904 probationes
1316 1850 1514 1905 colligere
1537 1851 1640 1891 satis
1663 1853 1740 1891 est.

245 1955 301 1986 24.
328 1954 436 1986 Rhet.
464 1957 495 1991 3,
524 1956 576 1986 13.

249 2046 263 2075 1
292 2045 598 2086 accomponendis
625 2046 678 2076 GS
794 2047 813 2076 2
840 2045 1062 2077 omittendus
1086 2046 1165 2077 MS:
1193 2045 1397 2077 omitendos
1423 2046 1449 2075 G
1553 2056 1636 2076 nam
1663 2045 1740 2087 plu-

155 2090 236 2121 rimi
260 2091 403 2131 scripsi:
430 2092 449 2121 ᾗ
473 2090 639 2131 plurimis
665 2091 710 2129 G,
745 2101 765 2121 a
791 2090 955 2132 pluribus
980 2091 1060 2131 MS,
1090 2090 1184 2132 quod
1208 2091 1331 2133 plures
1357 2099 1377 2125 ς
1516 2092 1535 2123 5
1561 2092 1741 2122 mansuris

156 2145 251 2176 quae
278 2135 315 2175 G,
342 2145 534 2167 mansurus
560 2146 629 2177 que
655 2137 674 2166 S
748 2146 829 2167 mox
855 2141 890 2167 ut
914 2137 1052 2168 otiosum
1080 2136 1248 2168 Gesnerns
1274 2136 1367 2168 obelo
1393 2137 1523 2167 notauit
1614 2140 1653 2167 ut
1679 2134 1742 2177 pei·

155 2180 249 2211 idem
277 2181 314 2219 G,
341 2184 381 2212 ut
407 2180 576 2222 peric-leti
601 2182 620 2211 S
724 2180 911 2212 demadem
936 2183 982 2221 M,
1010 2181 1211 2213 demanden
1237 2182 1256 2211 S
1373 2182 1392 2212 6
1419 2181 1563 2223 optimis
1588 2182 1650 2211 MS

157 2227 175 2256 7
200 2226 254 2256 uti
279 2230 474 2257 socranten
493 2227 530 2265 G,
558 2226 611 2256 uti
636 2229 817 2258 socratem
835 2227 897 2256 MS
990 2226 1163 2268 impetum
1189 2236 1295 2268 posse
1321 2227 1397 2257 edd.
1424 2231 1504 2258 nete.
1531 2237 1590 2258 nos
1615 2226 1740 2257 ualere

155 2271 363 2307 addidtmus;
389 2270 470 2311 plus
496 2271 652 2312 impetus
678 2271 887 2313 plerumque
914 2273 990 2303 edd.
1015 2273 1223 2303 recentiores
1248 2272 1361 2312 inepte
1454 2271 1474 2302 8
1500 2275 1535 2302 et
1561 2282 1621 2303 071.
1648 2273 1667 2301 S

155 2315 358 2357 uoluptatis
382 2317 445 2346 MS
540 2316 830 2348 Commouendus
854 2317 890 2346 M
983 2318 1002 2348 9
1028 2316 1284 2357 docendosque
1311 2317 1419 2356 GMS,
1447 2326 1506 2348 em.
1533 2316 1685 2347 Burman

154 2360 369 2402 impetorun]
396 2362 423 2391 G
516 2365 554 2392 at
580 2362 672 2402 quod
697 2378 740 2383 —
765 2361 799 2393 id
826 2365 962 2393 tersum
986 2362 1129 2403 scripsi:
1157 2361 1201 2392 ad
1227 2371 1316 2403 quos
1341 2361 1446 2393 libris
1473 2359 1580 2401 (libro
1605 2362 1652 2391 Ml
1681 2362 1740 2392 de—

155 2405 359 2437 dicatorum
385 2407 422 2437 in
449 2407 651 2448 exemplum
680 2407 833 2438 edantur
859 2406 1051 2445 (dedantur
1067 2405 1119 2447 M)
1146 2410 1182 2438 et
1200 2410 1336 2438 tersum
1355 2408 1436 2446 GM,
1463 2407 1508 2438 ad
1533 2407 1611 2447 quis
1637 2407 1740 2438 libris

155 2450 406 2483 dedicatorum
432 2451 469 2482 in
497 2461 526 2482 e.
554 2451 707 2482 edantur
733 2456 769 2483 et
793 2456 930 2484 tersum
956 2453 993 2492 S,
1027 2455 1064 2483 at
1096 2452 1189 2493 quod
1214 2451 1320 2483 libris
1346 2451 1538 2483 dedicatur
1564 2455 1600 2482 et
1624 2452 1661 2482 in
1686 2461 1739 2483 ex.

155 2495 288 2537 editur,
314 2499 450 2527 tersum
475 2504 496 2531 ς
591 2499 631 2529 10
658 2507 701 2528 ac
726 2497 891 2528 limatum
916 2498 970 2528 M:
1000 2497 1198 2529 adimatum
1225 2498 1280 2528 GS
1376 2498 1413 2528 11
1441 2498 1567 2529 ueniat
1593 2497 1630 2527 in
1656 2498 1738 2527 MS:

153 2541 354 2572 ueniantim
379 2542 426 2575 Gv
500 2543 539 2573 12
567 2547 602 2574 et
627 2553 688 2575 om.
715 2543 750 2572 M
842 2541 996 2582 iudices]
1024 2542 1105 2573 inde
1132 2544 1151 2573 S
1245 2543 1286 2573 13
1311 2545 1350 2573 ut
1374 2542 1512 2574 similes
1539 2553 1581 2573 ac
1608 2542 1739 2573 multos

154 2587 261 2626 GMS,
287 2597 346 2620 em.
375 2587 503 2618 Gesner
595 2588 763 2628 magistri
789 2587 841 2627 (in
860 2587 939 2627 agri
955 2589 1005 2627 M)
1032 2585 1225 2618 scribendo
1251 2586 1383 2624 (mediis
1408 2589 1440 2618 in
1458 2589 1578 2619 Iuenna
1595 2588 1739 2627 omissis)

152 2631 217 2663 MS
334 2633 374 2663 14
400 2641 571 2664 euorMNA
596 2633 622 2663 G
723 2635 845 2673 aptius
872 2632 1034 2664 Obrecht:
1060 2632 1170 2663 altius
1197 2633 1295 2663 GMS
1413 2634 1453 2664 15
1478 2642 1522 2663 ac
1548 2632 1640 2663 bene
1668 2642 1741 2663 ser-

153 2678 230 2708 uire
256 2678 291 2707 M
385 2678 424 2708 1ss
451 2678 543 2709 ratio
568 2679 603 2707 M
722 2680 760 2709 17
787 2688 858 2709 non
884 2677 968 2709 illas
994 2677 1096 2709 inodo
1123 2682 1162 2708 ut
1187 2678 1315 2718 opinor
1339 2678 1455 2718 GMS,
1482 2678 1544 2709 secl
1567 2678 1586 2707 S
1611 2688 1672 2708 one.
1700 2681 1741 2708 ut

244 2724 384 2754 alterum
410 2724 564 2754 uirtutes
591 2723 725 2754 mldidtc
747 2722 929 2754 Buttmann
1024 2724 1064 2754 18
1091 2722 1286 2763 aliquando
1311 2723 1524 2763 uiciosaque
1551 2727 1634 2753 sunt
1659 2723 1694 2752 M

155 2768 196 2798 19
221 2767 410 2800 differrent
434 2769 464 2808 S,
492 2767 637 2800 differet
661 2769 695 2798 M
809 2768 983 2799 iudicium
1011 2769 1105 2798 GMS
1206 2768 1427 2809 sapientium
1454 2768 1564 2798 GMS:
1593 2769 1738 2809 sapien-

153 2816 228 2843 tum
254 2821 275 2847 ς
390 2815 433 2845 20
458 2824 523 2855 per
548 2823 653 2854 quem
678 2814 698 2843 S
806 2813 954 2845 recitem
979 2814 1015 2843 M
1130 2814 1170 2844 21
1200 2814 1258 2854 qui
1283 2813 1360 2844 MS:
1390 2813 1470 2854 quis
1496 2813 1522 2842 G
1622 2813 1739 2844 fictior

154 2858 264 2897 GMS,
290 2869 348 2890 em.
375 2859 407 2890 in
434 2860 487 2890 etl.
522 2858 722 2890 Tarnis-iana
838 2858 879 2889 ²23
906 2857 1118 2889 mulcendae
1145 2869 1206 2889 0771.
1236 2859 1255 2888 S
1356 2857 1540 2899 prohemio
1567 2858 1586 2888 S
1680 2868 1738 2889 su-

154 2913 372 2943 peruacuum
398 2906 428 2943 S,
457 2915 517 2936 om.
543 2904 577 2933 M
671 2903 768 2934 tales
792 2904 882 2938 MSg
999 2905 1041 2934 ’2-1
1066 2903 1231 2934 trahetur
1255 2904 1289 2933 M
1383 2903 1437 2934 his
1463 2902 1536 2933 illis
1564 2903 1738 2935 absentes

153 2948 251 2979 GMS
343 2951 385 2981 25
412 2949 603 2990 indignare
630 2949 710 2988 GM,
737 2948 925 2991 indignate
952 2949 971 2979 S
1065 2948 1293 2990 probationis
1318 2949 1378 2978 MS

221 3004 398 3044 QUINTIL.
419 3005 472 3036 ed.
492 3006 617 3036 HALM.
657 3005 739 3040 Vol.
756 3006 803 3039 II.
1426 3006 1467 3037 255
