1939 3228
620 110 622 113 >
667 105 765 135 v111.
818 102 852 147 47
885 102 1056 133 23—29.
1099 101 1118 131 5
1160 100 1285 132 1,.5.
1717 90 1768 130 91

184 209 291 249 rium
323 222 461 248 rerum
486 198 556 248 *est
587 207 828 262 congeries,
860 206 930 248 hic
961 206 1084 247 unius
1123 204 1435 260 multiplicatio.
1497 204 1601 245 haec
1641 203 1771 244 etiam

187 290 372 318 crescere
404 275 511 316 solet
540 276 682 316 uerbis
713 275 909 316 omnibus
949 274 1074 315 altius
1106 276 1230 329 atque
1262 273 1389 314 altius
1427 272 1769 327 insurgentibus:

187 344 376 385 aderat
404 343 607 384 ianitor
629 343 883 397 carceris,
919 342 1163 384 carnifex
1184 341 1476 397 praetoris,
1499 355 1634 383 mors
1665 341 1769 381 ter-

185 425 376 466 rorque
399 411 655 453 sociorum
678 413 728 452 et
750 411 943 452 ciuium
965 410 1331 463 Romanorum,
1355 409 1517 450 lictor
1539 407 1767 450 Sextius.

135 494 152 520 5
299 479 461 521 Eadem
501 480 589 521 fere
629 481 692 520 est
729 479 839 520 ratio
876 479 1116 520 minuendi:
1157 493 1256 519 nam
1287 477 1465 518 totidem
1497 478 1596 518 sunt
1627 490 1770 517 ascen-
1784 483 1838 526 28

187 548 384 589 dentibus
416 550 517 602 quot
547 547 901 589 descendentibus
933 547 1103 601 gradus.
1163 547 1339 600 ideoque
1360 559 1446 586 uno
1477 558 1548 586 ero
1580 543 1771 598 exemplo

188 618 413 658 contentus
454 616 540 657 eius
578 615 680 669 loci7
726 629 807 670 quo
847 614 992 656 Cicero
1031 614 1080 655 de
1119 613 1309 655 oratione
1349 612 1464 654 Rulli
1503 612 1608 653 haec
1647 611 1770 653 dicit:

185 684 341 738 pauci
378 687 577 738 tamen,
626 683 712 738 qui
748 677 981 737 ⁴proximi
1028 682 1381 735 adstiterant,
1430 680 1611 722 nescio
1649 679 1772 734 quid

186 751 329 793 illum
360 752 417 793 de
448 751 564 807 lege
605 751 817 806 agraria
860 751 1095 792 uoluisse
1135 750 1307 791 dicere
1346 748 1770 803 suspicabantur.

136 832 168 858 10
186 820 296 875 quod
326 820 362 861 si
393 820 448 861 ad
475 819 740 861 intellectum
771 818 944 873 referas,
978 819 1159 859 minutio
1191 819 1267 872 est,
1302 817 1337 859 si
1369 817 1421 858 ad
1452 816 1769 870 obscuritatem,

186 888 509 930 incrementum.

301 955 396 998 Seio
426 970 549 1011 posse
569 955 704 997 uideri
726 955 978 1010 quibusdam
999 954 1183 1010 speciem
1206 953 1550 1009 amplificationis
1583 953 1611 993 h
1620 967 1770 1007 yper·
1785 959 1840 1002 29

186 1024 245 1066 bo
259 1025 344 1065 len
383 1039 546 1079 quoque
559 1058 569 1078 ,
618 1039 717 1065 nam
757 1026 798 1064 et
830 1024 934 1064 haec
972 1023 1017 1063 in
1054 1024 1276 1077 utramque
1314 1024 1481 1076 partem
1519 1021 1652 1075 ualet,
1699 1021 1772 1062 sed

185 1092 283 1147 quia
314 1093 478 1134 excedit
508 1092 587 1134 hoc
619 1106 774 1134 nomen
805 1092 850 1132 in
870 1094 1028 1145 tropos,
1062 1090 1292 1131 differenda
1315 1092 1391 1131 est,
1435 1104 1537 1144 (11105
1570 1089 1772 1131 continuo

121 1171 155 1197 15
186 1161 507 1216 subiungerem7
549 1161 632 1202 nisi
671 1162 781 1202 esset
814 1175 837 1200 a
877 1159 1027 1200 ceteris
1065 1161 1262 1213 separata
1299 1159 1408 1200 ratio
1446 1157 1616 1199 dicendi
1649 1156 1771 1214 [quae

187 1231 353 1270 constat
383 1244 470 1270 non
500 1229 696 1284 propriis,
731 1229 803 1270 sed
839 1226 1090 1284 translatis}
1153 1227 1298 1268 demus
1331 1241 1430 1282 ergo
1468 1226 1655 1268 breuiter
1693 1225 1772 1266 hoc

187 1296 392 1338 desiderio
422 1298 507 1338 iam
538 1312 672 1352 paene
704 1296 872 1351 publico
883 1329 894 1350 ,
927 1310 980 1337 ne
1012 1296 1256 1337 omittamus
1289 1310 1395 1349 eum,
1429 1309 1551 1350 quem
1582 1293 1772 1349 plerique

186 1365 457 1420 praecipuum
492 1380 541 1407 ac
571 1380 706 1420 paene
738 1365 873 1406 solum
903 1366 1060 1419 putant
1090 1363 1295 1404 orationis
1326 1365 1537 1404 ornatum.

298 1433 350 1475 V.
394 1433 730 1475 Sententiam
761 1434 947 1486 ueteres,
988 1432 1098 1487 quod
1137 1432 1277 1473 animo
1317 1432 1563 1485 sensissent,
1596 1445 1771 1472 uocaue-

135 1511 169 1538 ‘20
187 1503 300 1543 runt.
361 1502 403 1543 id
435 1517 527 1543 cum
561 1504 623 1543 est
655 1502 765 1555 apud
798 1503 985 1542 oratores
1016 1500 1420 1555 frequentissimum,
1451 1501 1543 1541 tum
1565 1499 1694 1540 etiam
1725 1499 1771 1540 in

186 1584 264 1610 usu
286 1569 498 1611 cotidiano
521 1570 722 1625 quasdam
744 1569 944 1624 reliquias
966 1568 1114 1609 habet:
1146 1583 1247 1609 nam
1269 1570 1311 1610 et
1330 1568 1510 1609 iuraturi
1532 1582 1588 1608 ex
1612 1567 1771 1608 animi

186 1639 358 1678 nostri
389 1639 660 1679 sententia
693 1640 734 1679 et
756 1638 1024 1693 gratulantes
1056 1651 1113 1678 ex
1145 1636 1418 1677 sententia
1451 1632 1641 1678 (licinius.
1684 1650 1771 1676 11011

21 1718 25 1739 1
185 1705 281 1747 raro
310 1707 454 1747 tamen
485 1708 527 1747 et
548 1706 608 1747 sic
628 1706 758 1747 locuti
780 1709 893 1760 sunt,
926 1708 973 1746 ut
1004 1720 1158 1746 sensa
1189 1719 1264 1746 sua
1287 1705 1494 1746 dicerent:
1526 1719 1626 1745 nam
1658 1718 1772 1745 sen-

188 1788 269 1815 sus
303 1774 487 1829 corporis
519 1774 789 1816 uidebantur.
851 1774 922 1815 sed
963 1773 1222 1815 consuetudo
1253 1773 1338 1814 iani
1368 1772 1520 1826 tenuit,
1554 1774 1600 1813 ut
1632 1774 1812 1818 niente?

136 1851 168 1877 25
189 1845 392 1897 concepta
423 1857 570 1884 sensus
601 1836 861 1897 uocarenius,
891 1842 1053 1883 lumina
1084 1843 1223 1883 autem
1254 1841 1562 1896 praecipueque
1593 1841 1637 1881 in
1662 1840 1772 1881 clau-

187 1910 288 1951 sulis
319 1911 457 1965 posita
487 1911 735 1964 sententias,
769 1925 875 1965 quae
906 1911 1047 1951 minus
1070 1910 1241 1951 crebrae
1264 1909 1375 1963 apud
1397 1908 1595 1963 antiquos
1617 1909 1773 1949 nostris
1798 1939 1816 1948 „

187 1979 446 2032 temporibus
478 1979 602 2020 modo
635 1981 795 2020 carent.
828 1979 1004 2033 ideoque
1043 1977 1145 2018 mihi
1190 1980 1232 2019 et
1271 1978 1321 2018 de
1359 1977 1587 2032 generibus
1628 1991 1772 2018 earum

189 2048 230 2086 et
260 2046 309 2087 de
342 2062 418 2087 usu
450 2047 632 2088 arbitror
662 2061 799 2100 pauca
831 2046 1023 2087 dicenda.

301 2115 635 2170 Antiquissimae
676 2116 796 2167 sunt,
837 2129 943 2169 quae
982 2114 1171 2169 proprie⁷
1210 2114 1404 2168 quamuis
1435 2114 1631 2154 omnibus
1663 2113 1773 2153 idem
1788 2118 1813 2159 3

138 2189 170 2216 30
188 2196 342 2223 nomen
373 2183 440 2236 sit,
473 2183 710 2224 sententiae
742 2184 962 2236 uocantur,
1000 2197 1104 2236 quas
1137 2181 1289 2223 Graeci
1319 2183 1492 2233 γνώμα(
1531 2181 1772 2235 appellant:

25 2266 29 2312 1
187 2251 410 2304 utrumque
449 2253 590 2292 autem
628 2264 784 2291 110111611
823 2265 873 2291 ex
912 2264 959 2290 eo
1005 2252 1261 2303 acceperunt
1270 2282 1281 2303 7
1329 2249 1438 2303 quod
1477 2249 1634 2290 similes
1675 2250 1775 2289 sunt

277 2379 307 2409 3.
335 2378 436 2411 Verr.
462 2371 505 2419 V,
531 2379 587 2419 45,
615 2378 689 2410 118.
789 2378 819 2408 7.
845 2376 890 2415 11,
919 2377 1031 2415 5,13.

278 2492 297 2522 Ξ.)
322 2491 441 2522 solent
466 2492 495 2522 A
600 2492 621 2522 4
648 2493 683 2522 et
710 2501 769 2522 om.
795 2490 824 2520 A
916 2489 1049 2520 sestius
1074 2488 1103 2519 A
1128 2498 1217 2521 corr.
1245 2499 1290 2520 ea:
1316 2489 1464 2528 tettins,
1491 2488 1628 2520 rextuis
1653 2490 1685 2528 b,
1713 2499 1775 2520 rex

190 2538 269 2567 tuus
296 2538 320 2567 Τ
437 2538 456 2567 5
483 2543 539 2567 est
565 2535 640 2567 fere
666 2537 702 2565 Μ
832 2537 851 2567 fi
879 2534 972 2576 quod
1000 2533 1298 2566 discendentibus
1323 2533 1362 2564 ΑΙ
1484 2544 1543 2565 ero
1570 2545 1629 2565 om.
1656 2535 1684 2563 A

191 2581 207 2611 7
235 2581 324 2613 dicit
347 2583 399 2621 Bg
423 2592 470 2613 ecc
493 2591 583 2614 corr.
611 2581 721 2612 deicit
747 2582 781 2610 M
897 2581 916 2611 8
944 2579 1162 2611 adstiterunt
1187 2580 1222 2608 M
1316 2581 1354 2610 10
1381 2582 1432 2610 cst
1458 2579 1523 2610 illa
1549 2579 1579 2610 si
1605 2580 1640 2608 M
1734 2581 1774 2611 12

190 2625 420 2667 hyperbolem
445 2626 486 2657 A¹
585 2628 624 2658 13
650 2637 732 2656 nain
758 2627 812 2665 Bg
836 2636 926 2658 corr.
954 2636 999 2656 (ἤι-
1026 2635 1082 2664 an,
1108 2635 1153 2655 n*
1165 2635 1210 2655 an
1235 2625 1288 2654 Bn
1396 2626 1434 2656 14
1461 2623 1605 2655 excedit
1630 2625 1772 2655 Ban:

190 2671 322 2703 excidit
346 2673 452 2712 ABg,
487 2671 629 2703 excedit
655 2671 688 2702 h.
715 2681 862 2710 nomen,
896 2671 931 2701 in
958 2673 1079 2712 tropos
1111 2669 1184 2700 diff.
1217 2674 1271 2700 est
1303 2671 1417 2710 uulgo:
1448 2670 1573 2701 rectius
1598 2669 1702 2700 uerba
1727 2671 1775 2701 ‹li-

188 2717 307 2748 stinoez't
332 2718 390 2748 Fr.
417 2717 575 2756 Sclzndclt,
601 2718 728 2748 sodalis
751 2717 923 2747 seminarii
947 2716 1061 2756 philol.
1088 2715 1307 2746 *Monacensis*
1403 2717 1441 2746 16
1468 2715 1634 2756 proprius
1659 2715 1684 2744 B

189 2761 334 2793 tralatis
358 2763 396 2802 B,
425 2772 515 2803 quae
541 2772 612 2793 non
638 2764 784 2793 constat
808 2761 964 2802 propriis
991 2763 1025 2791 et
1050 2764 1093 2793 tr.
1121 2761 1260 2791 tenlmcz't
1278 2760 1462 2800 Spaldz‘ny‚·
1489 2771 1547 2791 nos
1570 2760 1663 2796 haee,
1690 2771 1775 2802 qnae

189 2806 248 2836 lucc
273 2818 336 2838 non
362 2809 534 2849 quadrare
556 2807 633 2847 fere
659 2807 843 2845 confessum
869 2811 928 2841 est,
953 2806 1140 2837 indusimus
1220 2806 1257 2835 17
1284 2815 1349 2836 1166
1375 2806 1581 2836 omittamus
1606 2805 1730 2846 Regius

192 2851 230 2881 18
257 2862 391 2892 paenes
416 2853 480 2882 Mb
588 2854 627 2883 21
656 2862 720 2882 usu
744 2852 861 2882 AMb:
889 2862 947 2882 om,
976 2851 1001 2880 B
1107 2850 1264 2890 reliquas
1289 2850 1314 2879 B
1419 2851 1460 2881 ⁴22
1487 2850 1706 2891 gratulantis
1732 2849 1774 2881 A¹

278 2897 320 2928 23
346 2901 385 2928 ut
409 2907 552 2929 sensum
577 2896 676 2936 A'('.²)
749 2898 791 2928 25
817 2906 987 2927 nocemus
1015 2895 1118 2926 Iulius
1148 2896 1267 2927 Victor
1290 2906 1324 2935 J).
1344 2898 1422 2933 437,
1443 2898 1483 2926 19
1576 2896 1774 2937 praecipue

196 2941 312 2973 Victor
381 2943 422 2973 26
442 2943 590 2974 crebrm¹
611 2943 771 2973 ,Uei-ster:
790 2942 914 2974 crebra
933 2941 1048 2981 ABM,
1068 2940 1274 2989 celebratae
1299 2940 1417 2972 Victor
1486 2943 1528 2973 5«)
1546 2951 1697 2983 gnomas
1711 2940 1773 2972 AB
