1939 3180
107 105 190 148 326
630 91 926 150 QUINTILIANI
958 108 1077 139 INST.
1112 107 1186 138 on.

108 219 206 261 inde
247 215 511 269 dicentibus,
555 213 770 257 Celsinam
809 213 860 254 de
891 226 936 253 re
974 210 1247 267 cognouisse,
1288 225 1395 265 quae
1435 211 1527 251 erat
1565 211 1717 265 potens

108 286 291 329 femina:
333 283 453 339 ‘quis
485 284 571 325 est'
604 282 746 337 inquit
777 279 938 322 ‘iste‘?'
981 279 1200 322 Celsinam
1231 279 1346 321 enim
1378 278 1513 320 uideri
1544 278 1626 319 sibi
1656 278 1717 319 ui-

41 356 94 398 86
109 370 201 396 rum
243 354 381 395 finxit.
444 350 731 393 dissimulauit
763 349 931 403 Cicero,
974 340 1080 390 cumx
1098 346 1196 389 Sex.
1230 347 1414 389 Annalis
1445 346 1569 388 testis
1599 361 1718 388 reum

108 423 317 477 laesisset,
352 422 394 462 et
424 419 608 461 instaret
638 417 872 460 identidem
904 418 1129 459 accusator
1161 416 1266 470 (ἀίω,
1299 415 1359 457 M.
1390 414 1518 470 Tulli,
1551 415 1587 456 si
1618 414 1717 469 quid

109 494 231 548 potes
263 490 313 532 de
335 489 464 532 Sexto
487 487 695 529 Annali’:
728 501 877 528 uersus
909 486 1025 528 enim
1055 485 1195 539 dicere
1228 484 1367 539 coepit
1398 484 1449 525 de
1470 483 1580 525 libro
1601 483 1718 526 Enni
1737 493 1752 515 5

110 559 258 602 annali
289 560 428 601 sexto:

283 627 400 682 quis
432 624 576 681 potis
607 623 855 680 ingentis
888 637 1073 664 causas
1106 621 1353 663 euoluere
1384 620 1549 662 belli?

40 698 91 740 87
110 697 177 740 cui
216 697 307 738 sine
350 694 478 736 dubio
515 692 909 748 frequentissimam
947 691 1022 733 dat
1051 690 1319 733 occasionem
1350 690 1631 746 ambiguitas,
1674 692 1721 732 ut

111 765 338 819 Cascellio,
378 762 450 818 qui
483 761 765 804 consultatori
796 761 957 802 dicenti
990 763 1172 801 enauem
1203 758 1391 800 diuidere
1423 758 1519 800 uolo
1533 765 1557 814 ’,
1600 765 1719 814 ‘per‘

109 836 204 877 des'
235 832 390 888 inquit.
436 831 510 874 sed
541 830 677 872 auerti
708 829 954 872 intellectus
987 830 1029 870 et
1059 828 1184 870 aliter
1212 827 1333 882 solet,
1366 841 1461 869 cum
1483 828 1535 869 ab
1559 827 1718 884 asperi·
1739 838 1770 862 10

110 904 254 945 oribus
293 902 345 944 ad
384 901 548 942 leniora
579 899 840 941 deflectitur:
881 900 929 940 ut
960 897 1031 953 qui
1063 897 1355 952 interrogatus
1365 930 1375 951 ,
1410 896 1511 951 quid
1541 897 1720 938 sentiret

110 972 160 1014 de
192 986 254 1026 eo,
288 970 360 1026 qui
391 969 437 1010 in
468 968 676 1010 adulterio
709 967 998 1023 deprehensus
1030 967 1154 1020 esset,
1186 964 1354 1006 tardum
1384 965 1517 1007 fuisse
1545 980 1719 1021 respon—

41 1039 95 1082 88
111 1040 187 1081 dit.
251 1039 289 1080 ei
322 1038 490 1079 confine
522 1038 607 1091 est,
648 1036 760 1092 quod
799 1035 956 1077 dicitur
995 1049 1071 1090 per
1109 1033 1415 1088 suspicionem:
1458 1033 1582 1089 quale
1613 1033 1719 1075 illud

92 1108 224 1164 vapud
256 1107 505 1150 Ciceronem
537 1104 747 1160 querenti,
782 1103 892 1160 quod
923 1118 1028 1144 uxor
1060 1117 1136 1144 sua
1168 1117 1218 1144 ex
1248 1102 1328 1144 fico
1350 1117 1394 1144 se
1416 1103 1720 1157 suspendisset,

112 1183 241 1232 trogo
273 1176 346 1217 des
377 1174 484 1216 mihi
516 1174 732 1216 surculum
764 1188 814 1214 ex
846 1172 920 1214 illa
952 1172 1126 1225 arbore,
1158 1173 1205 1212 ut
1233 1171 1465 1213 inseram':
1507 1171 1773 1227 intellegi-15

42 1246 97 1287 89
113 1248 184 1288 tur
216 1245 330 1287 enim
368 1244 480 1299 quod
519 1258 608 1284 non
639 1242 807 1284 dicitur.
871 1243 913 1283 et
943 1240 1115 1282 hercule
1147 1240 1284 1281 omnis
1315 1240 1425 1281 salse
1457 1240 1625 1282 dicendi
1656 1255 1720 1282 ra-

110 1314 170 1356 tio
210 1315 256 1355 in
297 1327 344 1354 eo
385 1314 467 1367 est,
510 1314 558 1353 ut
600 1311 746 1366 aliter,
787 1325 914 1366 quam
946 1312 1011 1352 est
1040 1311 1205 1351 rectum
1235 1323 1489 1364 uerumque,
1534 1309 1721 1351 dicatur:

111 1382 222 1438 quod
254 1382 303 1423 fit
333 1383 472 1423 totum
504 1380 720 1436 fingendis
760 1381 833 1421 aut
872 1379 1032 1420 nostris
1072 1380 1146 1420 aut
1185 1377 1336 1419 alienis
1375 1378 1722 1432 persuasionibus

42 1452 97 1494 90
111 1453 186 1494 aut
224 1450 425 1504 dicende,
467 1449 576 1504 quod
615 1448 706 1490 fieri
746 1462 834 1489 non
873 1449 1029 1502 potest.
1093 1447 1279 1488 alienam
1317 1446 1444 1488 finxit
1481 1446 1609 1501 Iuba,
1650 1447 1722 1502 qui

111 1519 330 1575 querenti,
364 1518 475 1573 quod
507 1518 560 1559 ab
593 1531 698 1572 equo
731 1532 807 1558 suo
839 1518 950 1559 esset
982 1516 1231 1571 adspersus,
1265 1515 1423 1570 equid?
1461 1517 1507 1557 tu
1523 1521 1548 1570 ’,
1581 1516 1723 1571 inquit
1741 1527 1775 1553 20

113 1594 204 1630 ‘ine
236 1587 635 1643 Hippocentaurum
666 1585 848 1640 putas‘R’
890 1600 1011 1627 suam
1043 1584 1088 1628 C.
1124 1584 1318 1639 Cassius,
1361 1583 1432 1639 qui
1470 1583 1599 1626 militi
1630 1584 1722 1626 sine

112 1657 257 1714 gladio
289 1655 554 1710 decurrenti,
597 1655 745 1709 ‘heus,
781 1654 1032 1709 commilito,
1064 1668 1211 1709 pugno
1246 1653 1351 1694 bene
1382 1652 1535 1694 uteris'
1568 1653 1722 1708 inquit.

114 1728 156 1768 et
189 1725 328 1768 Galba
360 1724 409 1766 de
440 1724 651 1779 piscibus,
693 1724 762 1778 qui
798 1738 892 1764 cum
931 1722 1067 1777 pridie
1101 1737 1149 1763 ex
1182 1723 1303 1776 parte
1343 1720 1458 1762 adesi
1491 1723 1533 1763 et
1563 1723 1721 1763 uersati

114 1796 285 1849 postera
317 1793 383 1834 die
416 1792 601 1848 adpositi
634 1794 799 1846 essent,
835 1791 1109 1833 ‘festinemus
1120 1824 1130 1845 ,
1165 1790 1237 1831 alii
1269 1790 1534 1831 subcenant’
1566 1790 1721 1845 inquit.

113 1863 290 1904 tertium
320 1861 424 1902 illud
456 1861 626 1915 Cicero,
663 1862 708 1902 ut
740 1860 847 1914 dixi,
880 1860 1081 1901 aduersus
1114 1858 1308 1901 Curium:
1341 1858 1432 1899 fieri
1464 1858 1577 1899 enim
1610 1861 1723 1901 certe
1742 1873 1775 1896 25

46 1933 98 1974 91
113 1946 203 1973 non
233 1932 423 1985 poterat,
456 1931 523 1984 ut,
564 1944 659 1970 cum
691 1929 970 1983 declamaret,
1013 1929 1141 1969 natus
1172 1941 1259 1968 non
1291 1929 1417 1968 esset.
1481 1928 1545 1968 est
1576 1929 1619 1969 et
1648 1927 1723 1969 illa

119 2014 169 2042 ex
200 1999 339 2040 ironia
370 1999 501 2053 fictio,
533 2012 618 2053 qua
648 2011 748 2038 usus
781 1999 845 2038 est
876 1996 922 2040 O.
948 1996 1118 2039 Caesar.
1162 2010 1263 2037 nam
1287 2010 1381 2037 cum
1401 1995 1525 2037 testis
1547 1995 1721 2051 diceret,

209 2128 242 2158 6.
267 2137 300 2169 p.
328 2127 371 2158 29
396 2125 504 2159 Vahl.
603 2126 653 2159 11.
681 2124 730 2156 cf.
758 2124 835 2157 Cic.
863 2124 906 2157 de
926 2123 1030 2158 Orat.
1056 2124 1087 2165 2,
1114 2124 1170 2166 68,
1196 2124 1274 2156 275.
1372 2124 1422 2158 14.
1447 2123 1536 2156 ibid.
1561 2124 1617 2166 69,
1645 2124 1722 2157 278.

211 2244 225 2273 1
255 2240 494 2283 cognouisset
519 2240 617 2270 GMS
711 2240 730 2271 3
756 2240 869 2270 testes
894 2237 934 2268 A¹
1042 2239 1063 2270 4
1089 2238 1229 2270 instare
1257 2237 1467 2269 adentidem
1493 2238 1520 2268 G
1615 2248 1724 2270 accu—

118 2291 219 2320 sator
244 2286 301 2318 dic
328 2287 375 2318 M.
403 2285 503 2317 Tulli
528 2286 559 2317 si
586 2284 672 2327 quid
696 2285 838 2326 scripsi.-
873 2283 1084 2316 accusatodi
1116 2295 1162 2318 m.
1196 2284 1258 2323 (m.
1284 2294 1345 2315 om.
1374 2282 1417 2325 A)
1446 2283 1573 2315 tullius
1599 2283 1724 2326 inquid

117 2335 198 2375 AG,
234 2332 446 2365 accusatori
474 2331 565 2363 dicit
598 2332 672 2372 (om.
699 2331 732 2370 S)
760 2331 904 2362 Marcus
936 2329 1065 2361 tullius
1092 2329 1212 2370 inquit
1236 2330 1317 2369 MS,
1352 2332 1549 2361 accusator
1582 2330 1615 2361 ei
1640 2330 1722 2368 Dic,

118 2381 165 2414 M,
195 2378 307 2419 Tulli,
333 2376 507 2419 numquid
533 2377 657 2418 Remus
682 2381 715 2408 et
740 2385 760 2411 ς
893 2376 912 2408 5
939 2378 1041 2417 potes
1067 2376 1111 2407 cle
1136 2376 1166 2406 A
1281 2376 1360 2406 enni
1383 2374 1526 2406 annalis
1550 2375 1597 2414 A,
1626 2375 1725 2407 ennii

120 2424 268 2457 annalis
294 2425 332 2465 G,
360 2423 471 2456 einnii
497 2422 624 2455 annali
649 2423 681 2463 S,
710 2422 806 2454 onim
834 2421 978 2453 annalis
1003 2422 1039 2451 M
1145 2422 1163 2453 7
1190 2420 1353 2461 ingentis
1380 2430 1463 2452 oras
1487 2421 1668 2453 Diomedes
1692 2425 1725 2453 et

120 2471 259 2502 Seruius
284 2471 318 2502 in
345 2470 432 2502 Aen.
452 2471 483 2508 9,
502 2470 571 2500 528
687 2469 706 2500 9
734 2467 935 2500 consultori
961 2467 1084 2508 Regius
1178 2465 1289 2508 pedes
1313 2466 1467 2506 AGMS,
1493 2467 1538 2506 cf.
1566 2467 1724 2498 Macrob.

121 2516 193 2548 Sat.
214 2518 246 2557 2,
267 2518 296 2552 6,
316 2518 335 2546 2
435 2516 475 2547 lO
500 2516 557 2546 set
580 2511 621 2544 A¹
720 2515 758 2544 11
785 2512 1036 2544 indeflectitur
1060 2513 1159 2545 codd.
1272 2513 1312 2544 13
1339 2511 1372 2543 ei
1397 2511 1539 2552 Regius.-
1566 2514 1601 2543 et
1624 2513 1725 2545 codd.

210 2560 349 2593 confine
376 2561 424 2592 A:
451 2560 545 2602 quod
570 2559 641 2591 fine
668 2560 766 2589 GMS
860 2558 1098 2600 suspitionem
1126 2558 1162 2594 G,
1189 2557 1480 2599 suspicationem
1505 2558 1525 2587 S
1619 2559 1725 2597 quale

120 2608 161 2648 A,
188 2617 301 2649 quare
327 2607 425 2637 GMS
543 2606 582 2636 14
610 2607 699 2647 aput
722 2603 763 2635 A¹
861 2604 1053 2646 quaerenti
1078 2601 1177 2643 A¹G,
1205 2606 1281 2634 item
1298 2603 1394 2644 infra
1410 2614 1441 2634 u.
1461 2604 1506 2634 20
1614 2613 1650 2633 se
1676 2602 1724 2633 A:

121 2663 203 2685 sese
229 2653 358 2687 GMSg
454 2652 495 2683 15
520 2650 706 2682 surculum
724 2651 751 2681 G
775 2661 801 2683 S.
829 2651 850 2684 l.
948 2651 988 2682 17
1013 2652 1050 2681 ut
1076 2648 1184 2681 aliter
1209 2646 1321 2690 (alter
1338 2645 1428 2690 Im.)
1445 2648 1475 2678 A
1554 2642 1610 2678 „1⁴9
1636 2646 1724 2679 alie-

123 2709 205 2729 nam
233 2698 293 2737 (sc.
320 2696 610 2739 persuasionem)
630 2697 713 2727 AG:
741 2695 864 2728 aliena
882 2696 976 2729 Μὸς
1069 2696 1112 2726 20
1139 2694 1184 2726 ab
1212 2704 1302 2736 equo
1329 2703 1418 2725 suo*
1435 2693 1475 2733 A,
1504 2692 1548 2724 ab
1570 2703 1611 2724 co
1630 2692 1724 2734 quod

121 2754 204 2776 suos
231 2744 296 2784 GS,
325 2743 370 2775 ab
399 2753 490 2785 equo
515 2743 562 2782 M,
585 2742 671 2783 fort.
699 2741 743 2773 ab
771 2751 863 2783 equo
891 2741 969 2772 eius
1087 2749 1257 2781 aspersus
1283 2739 1438 2772 GMSag
1553 2739 1592 2769 21
1622 2748 1724 2769 suam

124 2800 201 2821 nos:
228 2799 295 2821 sua
321 2789 399 2821 libri
498 2790 540 2819 23
567 2787 670 2819 adesi
694 2788 724 2818 A
749 2792 783 2818 ut
808 2787 894 2819 coni.
925 2786 1074 2818 Badius:
1102 2785 1224 2817 adusti
1249 2795 1270 2815 a
1295 2789 1328 2816 et
1352 2785 1425 2815 rell.
1543 2784 1586 2814 24
1612 2794 1725 2825 appo—

124 2836 185 2865 siti
212 2836 248 2865 S:
275 2834 384 2876 positi
410 2834 494 2873 AM,
523 2833 662 2875 positus
681 2834 708 2863 G
828 2833 1031 2864 subcenant
1054 2832 1094 2872 A,
1121 2831 1346 2863 subscenant
1371 2829 1398 2859 G
1536 2830 1579 2860 25
1605 2829 1725 2861 cicero

123 2880 248 2910 AGM:
277 2880 458 2911 ciceronis
484 2880 503 2909 S
528 2884 561 2910 el
585 2880 663 2911 edd.
691 2880 845 2920 priores,
877 2882 913 2909 at
938 2878 1159 2919 repetendum
1184 2872 1484 2916 eoe'superioribus
1508 2872 1612 2905 finxit

125 2926 275 2957 curbum
298 2925 418 2965 AGM,
446 2934 594 2956 curuum
621 2925 669 2954 Sa
773 2925 816 2956 ‘26
844 2923 1060 2956 declamaret
1084 2923 1125 2962 A,
1151 2932 1194 2953 an
1219 2919 1478 2952 declamabat?
1503 2925 1539 2951 ut
1562 2925 1612 2952 est
1637 2920 1656 2959 ἓ
1681 2921 1725 2951 73

216 2971 257 3002 27
283 2970 429 3002 hironia
453 2970 522 3001 GM
617 2979 696 3001 cum
722 2980 784 3003 om.
808 2967 852 2999 A¹
