1939 3228
758 150 821 182 xi.
865 148 899 194 3,
926 146 1138 179 139—151.
1669 135 1749 179 307

162 254 278 304 uelut
308 257 460 311 sponte
492 253 725 308 delabitur,
760 256 821 308 et,
857 269 951 296 cum
983 253 1035 295 ad
1067 254 1321 309 argumenta
1349 266 1401 294 ac
1433 250 1545 293 locos
1576 253 1752 293 uentum

166 328 243 379 est,
276 325 432 371 reicere
465 339 488 364 a
520 322 693 363 sinistro
725 324 885 376 togam,
927 322 1088 363 deicere
1121 321 1270 374 etiam,
1311 320 1347 361 si
1377 320 1572 373 haereat,
1613 319 1752 360 sinum

163 393 402 434 conueniet.
465 391 587 431 laeua
619 406 642 430 a
673 390 868 431 faucibus
900 405 949 430 ac
982 403 1144 430 summo
1175 391 1346 444 pectore
1386 387 1593 428 abducere
1630 386 1751 427 licet:
1775 390 1851 430 145

162 461 313 501 ardent
345 459 456 501 enim
488 459 572 499 iam
604 457 759 499 omnia.
823 460 864 498 et
895 460 941 498 ut
972 472 1052 498 uox
1084 457 1377 498 uehementior
1407 470 1453 496 ac
1476 455 1613 510 magis
1635 454 1754 495 uaria

127 541 142 564 5
163 530 240 582 est,
274 528 333 569 sic
365 527 544 568 amictus
576 540 740 580 quoque
771 525 899 566 habet
922 528 1063 566 actum
1085 525 1296 579 quendam
1318 524 1435 564 uelut
1455 522 1750 577 proeliantem.

113 879 143 904 10

114 1217 144 1241 15

113 1556 145 1582 20

116 2236 137 2258 31
144 2239 148 2255 )

161 596 303 649 itaque
334 598 380 635 ut
411 595 575 635 laeuam
604 593 822 634 inuoluere
853 596 955 648 toga
987 596 1029 634 et
1059 592 1225 647 incingi
1264 605 1399 646 paene
1436 590 1642 631 furiosum
1674 592 1750 643 est,
1775 596 1851 635 146

163 664 304 704 sinum
335 676 434 703 uero
463 663 507 702 in
539 662 731 702 dextrum
763 676 956 702 umerum
988 661 1040 701 ab
1071 660 1154 701 imo
1186 660 1342 701 reicere
1373 658 1557 700 solutum
1597 671 1646 698 ac
1686 657 1753 698 de-

161 730 337 772 licatum
377 731 568 783 fiuntque
615 729 751 787 adhuc
798 729 915 783 peius
962 728 1122 782 aliqua,
1165 728 1225 768 ita
1266 741 1339 768 cur
1378 726 1581 766 laxiorem
1613 726 1752 766 sinum

163 799 336 839 sinistro
367 797 542 839 brachio
574 796 979 850 iionsubiciamus‘?
1028 795 1159 836 habet
1190 795 1303 836 enim
1336 808 1431 835 acre
1463 792 1662 847 quiddam
1694 794 1754 833 at-

163 881 242 920 que
274 866 515 920 expeditum
547 867 588 906 et
619 864 749 906 calori
782 864 1140 918 concitationique
1172 878 1258 903 non
1288 861 1491 903 inhabile.
1535 875 1629 901 cum
1652 874 1751 901 uero
1780 868 1852 908 147

163 948 321 988 magna
366 948 465 987 pars
512 935 575 974 est
619 933 825 973 exhausta
870 932 1095 984 orationis,
1144 932 1288 984 utique
1337 929 1522 970 adflante
1561 928 1750 981 fortuna,

162 1016 297 1055 paene
335 1001 477 1041 omnia
517 1001 688 1054 decent,
736 1000 861 1040 sudor
905 1000 995 1054 ipse
1042 1002 1083 1040 et
1126 998 1326 1052 fatigatio
1372 999 1414 1038 et
1457 996 1754 1051 neglegentior

165 1069 342 1110 amictus
382 1071 423 1109 et
465 1068 603 1109 soluta
645 1082 693 1108 ac
735 1067 851 1108 uelut
892 1067 1040 1108 labens
1083 1066 1269 1120 undique
1312 1067 1425 1119 toga.
1498 1078 1578 1118 quo
1616 1065 1752 1119 magis
1774 1074 1851 1113 148

163 1137 294 1177 miror
333 1135 445 1177 hanc
487 1150 651 1190 quoque
693 1136 948 1176 succurrisse
991 1134 1131 1175 Plinio
1173 1147 1337 1186 curam,
1389 1134 1437 1172 ut
1477 1132 1538 1172 ita
1587 1131 1754 1173 sudario

164 1205 349 1245 frontem
388 1204 539 1245 siccari
579 1203 763 1258 iuberet,
804 1218 858 1244 ne
899 1218 1042 1244 comae
1080 1202 1375 1254 turbarentur,
1418 1215 1519 1254 quas
1559 1200 1755 1254 componi

163 1275 259 1327 post
289 1272 475 1326 paulum,
510 1271 635 1312 sicut-i
666 1271 844 1326 dignuin
876 1274 980 1325 erat,
1015 1270 1206 1326 grauiter
1238 1271 1280 1310 et
1301 1282 1445 1310 seuere
1468 1259 1616 1308 uetuit.
1650 1266 1754 1307 mihi

164 1355 264 1381 uero
296 1340 391 1381 illae
423 1354 586 1394 quoque
618 1339 814 1380 turbatae
846 1353 947 1393 prae
979 1353 1021 1379 se
1053 1339 1162 1379 ferre
1195 1337 1354 1391 aliquid
1386 1335 1575 1376 adfectus
1599 1337 1641 1376 et
1661 1335 1755 1389 ipsa

164 1408 376 1449 obliuione
410 1422 534 1449 curae
566 1407 689 1448 huius
722 1406 1009 1448 commendari
1041 1406 1252 1446 uidentur.
1306 1407 1350 1445 at
1382 1404 1415 1444 si
1447 1403 1754 1457 incipientibus
1778 1415 1853 1454 149

165 1479 239 1517 aut
277 1476 451 1530 paulum
491 1475 725 1530 progressis
764 1475 931 1516 decidat
969 1476 1091 1529 toga,
1142 1488 1228 1514 11011
1265 1485 1469 1526 reponere
1509 1485 1600 1512 eam
1640 1485 1756 1525 pror-

165 1559 234 1585 sus
266 1543 537 1599 neglegentis
577 1545 651 1584 aut
688 1543 802 1597 pigri
843 1545 916 1583 aut
947 1541 1154 1596 quomodo
1186 1541 1338 1582 debeat
1369 1539 1533 1581 amiciri
1564 1538 1756 1580 nescien-

164 1613 220 1653 tis
251 1614 328 1653 est.

278 1679 397 1721 Haec
428 1682 528 1720 sunt
558 1679 625 1720 uel
656 1678 983 1719 inlu-stramenta
1015 1677 1377 1732 pronuntiationis
1407 1675 1475 1717 uel
1506 1674 1632 1728 uitia,
1666 1674 1755 1729 qui-

166 1748 241 1789 bus
273 1748 502 1802 propositis
534 1747 667 1788 inulta
700 1747 888 1801 cogitare
921 1746 1048 1787 debet
1078 1747 1234 1787 orator.
1290 1745 1474 1799 primum
1505 1746 1609 1797 quis,
1644 1742 1855 1796 apud150

165 1830 290 1870 quos,
331 1815 482 1869 quibus
514 1815 810 1869 praesentibus
843 1815 898 1855 sit
928 1817 1118 1855 acturus:
1166 1828 1265 1854 nam
1296 1814 1344 1852 ut
1376 1812 1514 1852 dicere
1546 1811 1628 1851 alia
1661 1810 1754 1851 aliis

115 1897 141 1919 2„
168 1886 209 1924 et
246 1878 361 1938 apud
400 1883 504 1923 alios
542 1883 679 1937 magis
719 1897 965 1924 concessum
1005 1884 1088 1935 est,
1130 1882 1189 1923 sic
1228 1881 1356 1922 etiam
1394 1879 1547 1920 facere.
1619 1893 1755 1932 neque

167 1952 312 1992 eadem
343 1951 385 1992 in
419 1965 535 2004 uoce,
569 1953 706 2005 gestu,
737 1951 906 1992 incessu
938 1950 1050 2005 apud
1082 1950 1340 2004 principem,
1374 1949 1592 2000 senatum,
1625 1960 1755 2000 popu-

166 2020 272 2072 lum,
304 2020 604 2074 magistratus,
652 2018 819 2073 priuato
851 2018 1021 2072 publico
1052 2018 1229 2071 iudicio,
1263 2015 1548 2070 postulatione
1589 2014 1755 2055 actione

168 2087 365 2128 similiter
395 2087 560 2128 decent.
623 2102 749 2141 quam
780 2086 1064 2127 differentiani
1103 2085 1291 2126 subicere
1331 2083 1411 2124 sibi
1450 2083 1643 2137 quisque,
1684 2082 1754 2136 qui

169 2155 355 2196 animuin
387 2154 634 2208 intenderit,
668 2156 822 2208 potest,
855 2155 959 2194 tunc
990 2168 1071 2208 qua
1102 2153 1152 2193 de
1183 2167 1227 2192 re
1259 2152 1372 2193 dicat
1402 2153 1443 2191 et
1465 2151 1632 2191 efficere
1654 2149 1754 2204 quid

169 2224 284 2264 uelit.
346 2223 407 2264 rei
438 2222 699 2277 quadruplex
731 2221 970 2262 obseruatio
1002 2223 1084 2262 est:
1124 2235 1210 2261 una
1248 2220 1293 2260 in
1331 2221 1422 2260 tota
1454 2232 1592 2259 causa.
1655 2219 1755 2257 sunt
1779 2221 1846 2261 151

169 2291 281 2331 0111111
313 2291 456 2331 tristes
487 2290 656 2343 hilares,
690 2289 896 2330 sollicitae
928 2303 1119 2342 securae,
1153 2288 1336 2342 grandes
1368 2286 1568 2341 pusillae,
1608 2287 1655 2326 ut
1685 2285 1753 2325 uix

172 2373 369 2412 uniquam
400 2358 461 2398 ita
491 2357 709 2398 sollicitari
740 2357 931 2411 partibus
954 2371 1098 2400 earum
1120 2356 1359 2409 debeamus,
1393 2357 1438 2394 ut
1460 2368 1546 2394 non
1568 2367 1754 2394 summae

261 2486 276 2515 1
303 2487 431 2524 sponte
463 2484 639 2516 dilabitur
671 2485 707 2520 b,
740 2450 860 2525 sponte
884 2483 1068 2514 delabitur
1097 2483 1167 2521 Bn,
1200 2483 1285 2513 uncle
1317 2483 1424 2512 malim
1456 2484 1585 2522 sponte
1618 2479 1755 2510 labitur

168 2531 242 2561 coll.
269 2530 287 2567 ξ
315 2531 380 2560 147
405 2534 493 2561 eoelr.
523 2535 555 2561 ec
580 2530 756 2561 Forlmzat.
782 2540 815 2569 p.
838 2530 918 2567 134,
940 2530 983 2560 13
1077 2530 1095 2559 2
1123 2527 1167 2558 ad
1193 2527 1381 2558 sinistrum
1405 2527 1449 2566 M,
1478 2525 1640 2556 annistro
1665 2526 1685 2555 b

169 2576 199 2606 si
225 2586 284 2607 om.
309 2575 375 2605 Mb
448 2577 466 2607 3
493 2575 635 2606 laeuam
662 2577 705 2605 al.
734 2574 876 2605 laenam
894 2574 1018 2614 Regius
1089 2574 1109 2604 4
1135 2572 1237 2603 ardet
1253 2573 1315 2602 Mb
1409 2572 1428 2602 6
1455 2573 1538 2612 toga
1555 2571 1588 2611 b,
1615 2580 1702 2611 roga
1719 2571 1754 2600 M

260 2622 277 2651 7
304 2621 385 2651 sinu
410 2621 431 2650 b
539 2620 693 2651 solutum
720 2620 768 2650 Bn
794 2625 825 2650 et
851 2620 888 2650 b:
917 2619 1062 2650 solitum
1089 2619 1183 2658 BgM
1299 2616 1497 2657 deligatum
1523 2617 1543 2646 b
1659 2617 1678 2646 9
1706 2617 1753 2646 si-

169 2669 290 2697 nostro
315 2666 336 2696 b
431 2665 604 2697 bracchio
630 2664 679 2695 Bn
773 2664 917 2704 quidam
943 2664 969 2694 B
1071 2665 1110 2694 10
1137 2662 1258 2694 calore
1286 2662 1617 2701 concitationisque
1643 2661 1664 2691 b

171 2713 210 2742 12
237 2715 272 2742 et
300 2714 390 2750 (mile
418 2710 516 2752 neg.)
543 2721 603 2742 om.
629 2711 649 2740 b
743 2709 992 2750 negligentior
1015 2709 1060 2748 Μ,
1088 2708 1296 2749 neglentior
1320 2708 1346 2737 B
1458 2708 1496 2738 13
1524 2709 1587 2736 aut
1613 2706 1707 2736 ictus
1733 2706 1754 2735 b

261 2757 301 2787 14
329 2759 491 2787 curatam
519 2757 539 2786 b
635 2756 674 2786 15
701 2764 807 2795 quam
834 2755 855 2784 b
950 2755 989 2785 16
1015 2753 1200 2794 paululum
1225 2753 1259 2782 M
1354 2753 1393 2783 18
1420 2752 1454 2782 in
1483 2751 1715 2793 capientibus
1732 2751 1753 2780 b

261 2803 302 2832 ΞΟ
327 2801 459 2832 deceat
484 2803 536 2832 ed.
566 2800 722 2832 Bonnellz'
746 2809 866 2831 errore
891 2803 926 2829 ut
951 2800 1084 2830 uidetur
1110 2808 1288 2839 operarum
1396 2799 1437 2827 22
1464 2797 1708 2827 instrumenta
1732 2796 1752 2825 b

258 2847 352 2877 uitia
378 2857 439 2878 om.
466 2847 500 2876 M
631 2847 673 2876 ²24
701 2844 764 2875 alii
791 2845 852 2875 scd
879 2845 931 2884 Bg
958 2847 974 2874 1
992 2856 1031 2874 m.
1163 2844 1205 2875 ‘25
1232 2842 1340 2873 etiam
1366 2843 1416 2873 M:
1444 2846 1479 2873 et
1504 2842 1612 2872 etiam
1636 2841 1661 2871 B

168 2892 209 2922 <27
236 2892 472 2924 accusatione
500 2892 584 2924 coni.
613 2891 779 2931 Spalding]
894 2890 934 2920 *RS
961 2889 1165 2919 ‹locent-ium
1191 2887 1436 2919 differentiam
1462 2887 1483 2917 b
1599 2888 1641 2917 ‘29
1668 2889 1753 2917 tunc

167 2937 251 2966 ΒΜ;
280 2941 352 2967 tum
380 2945 400 2971 ς
496 2937 538 2967 (le
557 2938 609 2976 Bg
632 2947 659 2967 s.
686 2938 707 2967 l.
803 2935 949 2966 efliccrc
968 2935 1051 2964 ΒΜ;
1080 2933 1314 2964 erlitreficerc
1332 2934 1365 2974 b,
1393 2932 1568 2973 effingere
1587 2930 1753 2973 Spalding]

168 2984 241 3013 coll.
264 2983 281 3021 ἓ
304 2984 341 3013 50
361 2988 393 3013 cl
413 2985 465 3022 ΙΙΙ,
487 2984 520 3022 3,
543 2984 561 3013 4
655 2982 695 3013 32
723 2991 789 3012 non
817 2981 905 3011 BM:
933 2990 1003 3011 non
1031 2984 1065 3010 et
1090 2980 1111 3010 b
1204 2989 1342 3010 sumina
1370 2978 1601 3009 ennium-imus
1627 2977 1648 3008 b

1414 3036 1456 3066 20
1465 3036 1482 3055 ²³*
