1987 3212
165 84 217 126 78
689 87 983 127 QUINTILIANI
1016 86 1134 117 INST.
1170 86 1243 116 ou.

165 197 266 237 dare
297 195 401 236 illud
433 207 500 234 me
533 191 689 233 adhuc:
729 192 959 232 uenturum
989 191 1180 244 tempus,
1220 201 1304 242 quo
1335 186 1448 228 idem
1476 189 1563 227 ’11011
1595 185 1767 240 permit-

164 266 316 305 terem:
348 262 409 303 ita
440 264 483 302 et
514 260 690 315 ingenio
721 258 970 315 gaudebant
1001 260 1043 299 et
1072 256 1229 298 iudicio
1260 269 1347 296 non
1379 253 1655 295 fallebantur.

100 334 151 375 15
279 330 360 372 Sed
392 331 438 373 ut
469 343 516 370 eo
547 329 762 381 reuertar,
802 327 916 380 unde
955 340 1048 367 sum
1086 325 1322 379 digressus:
1361 322 1631 364 narrationes
1671 321 1769 363 stilo

166 398 362 453 componi
395 399 557 452 quanta
588 396 773 438 maxima
803 395 940 450 possit
971 393 1163 437 adhibita
1194 391 1421 446 diligentia
1443 391 1552 432 uolo.
1600 404 1700 430 nam
1722 391 1770 430 ut

164 467 321 521 primo,
363 480 459 507 011111
497 479 634 507 sermo
672 462 938 516 instituitur,
987 461 1145 503 dicerex
1164 474 1272 515 quae
1311 459 1526 500 audierint
1563 457 1669 499 utile
1707 459 1804 498 ests,

164 535 307 589 pueris
340 534 392 575 ad
423 533 624 588 loquendi
654 531 920 585 facultatem,
962 530 1138 584 ideoque
1170 530 1212 569 et
1242 529 1354 569 retro
1386 541 1514 582 agere
1546 525 1770 581 expositio-

164 618 263 645 nem
295 605 337 644 et
368 617 392 644 a
422 602 562 644 media
592 602 638 642 in
669 603 894 654 utramque
924 600 1092 654 partem
1123 596 1358 637 discurrere
1390 609 1493 637 sane
1524 595 1676 636 merito
1706 608 1771 636 co-

114 700 117 703 ·
165 673 338 727 gantur,
373 671 445 712 sed
478 670 530 711 ad
561 669 771 725 gremium
802 666 1091 722 praeceptoris
1124 657 1166 706 et
1197 664 1296 705 dum
1328 656 1450 704 aliud
1473 677 1561 704 non
1593 663 1774 718 possunt

166 743 208 782 et
239 741 339 782 dum
370 754 437 781 res
470 753 519 780 ac
551 738 681 779 uerba
714 738 937 778 conectere
967 733 1195 788 incipiunt,
1228 734 1276 773 ut
1303 731 1500 786 protinus
1524 730 1772 772 memoriam

164 809 360 850 firment:
400 809 461 848 ita
494 821 589 848 cum
620 807 705 847 iam
736 805 918 846 formam
950 804 1093 844 rectae
1125 803 1252 855 atque
1285 799 1535 841 emendatae
1566 800 1772 840 orationis

167 877 394 931 accipient,
428 874 727 929 extemporalis
759 872 992 928 garrulitas
1023 884 1102 911 nec
1135 870 1361 923 expectata
1393 868 1598 923 cogitatio
1629 869 1672 908 et
1702 867 1773 907 uix

104 948 153 990 16
169 944 375 1000 surgendi
406 958 524 985 mora
557 941 854 984 circulatoriae
885 954 984 981 uere
1016 937 1263 980 iactationis
1287 938 1363 978 est.
1407 936 1509 978 111110
1530 935 1774 991 parentium

166 1012 461 1068 imperitorum
491 1011 621 1053 inane
653 1009 872 1065 gaudium,
906 1007 1011 1062 ipsis
1042 1020 1143 1047 uero
1175 1006 1444 1060 contemptus
1476 1005 1615 1060 operis
1647 1006 1690 1045 et
1710 1004 1773 1044 111-

169 1080 412 1122 uerecunda
442 1080 561 1121 frons
594 1081 635 1121 et
668 1076 927 1120 consuetudo
958 1075 1141 1130 pessime
1173 1073 1343 1115 dicendi
1366 1075 1408 1114 et
1428 1073 1637 1114 malorum
1660 1086 1775 1113 exer-

170 1149 317 1191 citatio
365 1150 407 1190 et
445 1163 552 1203 quae
590 1161 772 1202 magnos
811 1159 976 1201 quoque
1015 1143 1233 1198 profectus
1279 1141 1527 1196 frequenter
1572 1140 1772 1196 perdidit,
1810 1156 1822 1180 2·

104 1222 152 1263 17
170 1218 384 1273 adrogans
407 1217 457 1258 de
480 1231 524 1258 se
546 1215 765 1271 persuasio
786 1213 1040 1255 innascitur.
1084 1211 1166 1252 erit
1194 1225 1315 1252 suum
1336 1210 1553 1264 parandae
1574 1208 1775 1251 facilitati

167 1289 351 1341 tempus,
384 1300 464 1327 nec
496 1299 519 1325 a
550 1284 673 1325 nobis
704 1283 987 1338 neglegenter
1017 1280 1134 1322 locus
1165 1279 1245 1320 iste
1276 1278 1543 1319 transibitur.
1601 1273 1774 1318 interim

169 1355 272 1396 satis
304 1356 381 1408 est,
416 1353 452 1395 si
481 1367 585 1407 puer
616 1351 732 1393 omni
765 1355 866 1393 effla
897 1352 939 1391 et
968 1362 1146 1401 summo,
1180 1349 1386 1402 quantum
1408 1346 1483 1388 illa
1504 1348 1622 1388 aetas
1645 1345 1774 1400 capit,

168 1423 313 1464 labore
346 1421 506 1476 aliquid
537 1420 757 1475 probabile
789 1418 1027 1473 scripserit:
1060 1417 1106 1458 in
1137 1416 1218 1457 1100
1251 1415 1494 1469 adsuescat,
1535 1414 1661 1456 huius
1693 1413 1774 1454 sibi

168 1492 229 1533 rei
261 1493 462 1532 naturam
491 1488 639 1530 faciat.
700 1488 772 1530 ille
804 1488 973 1528 demum
1003 1486 1049 1526 in
1080 1484 1144 1538 id,
1185 1484 1296 1539 quod
1328 1484 1589 1539 quaerimus,
1632 1484 1707 1523 aut
1737 1482 1772 1522 ei
1796 1503 1809 1522 ι

168 1559 407 1614 proximum
429 1559 588 1613 poterit
611 1556 804 1610 euadere,
837 1555 908 1610 qui
934 1556 1036 1595 ante
1057 1553 1193 1594 discet
1219 1554 1334 1593 recte
1359 1552 1498 1593 dicere
1523 1565 1649 1606 quam
1675 1551 1772 1592 cito.

105 1632 155 1673 18
284 1626 615 1668 Narrationibus
648 1639 735 1666 non
756 1623 968 1665 inutiliter
989 1621 1265 1677 subiungitur
1286 1635 1390 1675 opus
1412 1619 1655 1662 destruendi
1679 1633 1775 1660 con—

169 1695 451 1750 firmandique
483 1709 567 1749 eas,
601 1693 712 1748 quod
743 1693 953 1744 ἀναεκευή
986 1693 1028 1732 et
1058 1691 1290 1741 καταεκευή
1322 1690 1514 1730 uocatur.
1575 1688 1617 1729 id
1648 1702 1774 1742 porro

170 1780 256 1806 11011
288 1766 459 1805 tantum
490 1763 535 1804 in
566 1762 771 1803 fabulosis
804 1762 847 1801 et
879 1759 1066 1801 carmine
1098 1758 1269 1800 traditis
1300 1757 1391 1798 fieri
1423 1758 1585 1812 potest,
1626 1770 1775 1797 uerum

171 1834 301 1875 ctiam
330 1833 376 1874 in
407 1832 511 1886 ipsis
543 1830 764 1872 annalium
796 1828 1104 1870 monumentis:
1144 1829 1211 1881 ut,
1254 1826 1289 1867 si
1327 1827 1557 1881 quaeratur
1602 1827 1681 1865 ean
1720 1825 1776 1865 sit
1795 1839 1827 1863 25

172 1901 372 1943 credibile
411 1914 537 1954 super
577 1901 705 1953 caput
735 1897 881 1939 Valeri
919 1895 1155 1951 pugnantis
1195 1894 1351 1935 sedisse
1392 1908 1586 1948 coruum,
1627 1893 1699 1947 qui
1730 1907 1775 1933 os

171 1970 398 2023 oculosque
430 1968 565 2009 hostis
589 1967 702 2008 Galli
724 1968 862 2007 rostro
885 1967 1012 2019 atque
1035 1964 1113 2005 alis
1136 1963 1443 2015 euerberaret',
1476 1961 1532 2003 sit
1551 1962 1597 2002 in
1618 1962 1774 2002 utram-

106 2042 250 2093 19que
281 2039 448 2093 partem
479 2036 635 2091 ingens
667 2035 719 2076 ad
751 2034 975 2076 dicendum
1007 2032 1206 2074 materia:
1247 2033 1322 2072 aut
1352 2031 1402 2072 de
1433 2031 1652 2085 serpente,
1694 2043 1776 2084 quo

172 2107 314 2161 Scipio
345 2105 529 2147 traditur
560 2103 748 2159 genitus,
782 2105 824 2144 et
854 2103 955 2157 lupa
986 2101 1157 2142 Romuli
1191 2102 1233 2141 et
1264 2099 1423 2154 Egeria
1454 2098 1642 2147 Numae:
1674 2112 1775 2139 nam

171 2175 338 2230 graecis
369 2173 558 2215 historiis
590 2172 838 2227 plerumque
878 2170 1069 2225 poeticae
1108 2169 1258 2210 similis
1296 2167 1472 2208 licentia
1512 2169 1589 2208 est.
1649 2180 1809 2220 saepen

172 2243 302 2285 etiam
334 2243 480 2297 quaeri
511 2241 618 2282 solet
649 2241 699 2281 de
730 2243 944 2294 tempore,
985 2238 1035 2279 de
1075 2238 1187 2291 loco,
1228 2250 1310 2291 quo
1350 2237 1473 2290 gesta
1504 2249 1570 2276 res
1602 2234 1772 2288 dicitur,

171 2325 495 2365 nonnumquam
527 2310 576 2350 de
608 2323 789 2363 persona
820 2321 997 2362 quoque,
1030 2306 1141 2347 sicut
1164 2305 1306 2346 Liuius
1335 2303 1681 2358 frequentissime
1702 2303 1774 2343 du-

172 2381 282 2422 bitat
312 2382 354 2421 et
385 2379 457 2420 alii
490 2378 542 2419 ab
575 2377 669 2418 aliis
700 2375 891 2417 historici
924 2374 1195 2416 dissentiunt.

264 2534 283 2564 3
309 2530 497 2573 digressus
522 2528 594 2563 Ab:
623 2536 794 2570 egressus
818 2526 843 2557 B
938 2528 958 2558 5
984 2525 1185 2557 instituitur
1202 2524 1231 2555 A
1324 2523 1344 2555 8
1369 2523 1544 2565 gremium
1561 2521 1590 2552 A
1608 2523 1640 2554 z'n
1657 2532 1727 2553 ras.

175 2577 274 2610 aliud
300 2578 353 2610 etl.
382 2576 599 2617 Gryplzz'cma:
632 2585 693 2606 om.
720 2573 797 2604 libri
822 2573 873 2612 (et
898 2570 979 2602 dum
1006 2589 1048 2593 --
1074 2575 1226 2612 possunt
1257 2570 1350 2602 obelo
1376 2567 1727 2607 notanitffernlemd)

175 2626 211 2655 11
242 2626 278 2655 ct
303 2621 517 2664 temporalis
542 2622 562 2651 b
682 2619 722 2650 12
748 2616 1002 2650 circulatoriae
1028 2617 1057 2648 A
1151 2626 1235 2647 uere
1261 2615 1307 2646 A:
1333 2625 1445 2647 uerae
1471 2614 1538 2653 Ba,
1568 2612 1645 2644 fere
1671 2612 1774 2653 Spal-

174 2671 253 2711 ding]
348 2670 389 2700 14
414 2667 590 2699 maiorum
615 2663 657 2695 B¹
764 2664 804 2695 16
830 2664 1017 2705 persuasio
1043 2663 1071 2693 A
1166 2660 1364 2692 facilitatis
1389 2661 1439 2691 ab
1558 2659 1597 2689 19
1623 2658 1695 2688 sibi
1721 2658 1774 2689 rei

174 2716 220 2745 A:
248 2713 302 2745 rei
328 2714 399 2744 sibi
425 2714 450 2744 B
566 2713 609 2743 20
636 2711 669 2742 ei
693 2709 722 2740 A
748 2712 780 2741 in
805 2719 875 2741 ras.
991 2709 1034 2739 22
1059 2708 1227 2739 inutiliter
1252 2707 1281 2737 A
1379 2703 1592 2736 destruendi
1617 2704 1691 2734 Ab:
1719 2714 1773 2734 rc-

174 2758 337 2790 strucndi
363 2758 389 2799 Β
484 2759 527 2790 23
552 2765 739 2788 anaseeue
767 2758 804 2786 et
831 2757 1031 2786 catasccuc
1057 2754 1085 2783 A
1194 2753 1237 2783 24
1264 2754 1300 2783 et
1323 2751 1353 2782 A
1376 2752 1411 2782 in
1434 2760 1505 2781 ras.
1531 2750 1667 2781 maioris
1692 2759 1772 2790 spa-

175 2806 212 2836 tii
306 2806 348 2834 ²2⁴,
375 2804 499 2835 ualcrii
526 2801 724 2845 pugnantis
749 2801 777 2831 A
886 2810 925 2831 os
951 2800 979 2830 A
1006 2801 1037 2830 in
1062 2809 1133 2832 ras.
1242 2799 1283 2829 27
1309 2801 1423 2828 rostro
1450 2800 1549 2837 atque
1577 2794 1646 2826 alis
1672 2804 1773 2825 euer-

174 2850 322 2881 bcraret
346 2850 374 2879 A
490 2850 532 2880 28
560 2847 719 2879 materia
745 2857 805 2878 om.
832 2846 861 2876 A
970 2847 1034 2876 aut
1058 2845 1131 2875 Ab:
1157 2846 1197 2874 ut
1221 2843 1246 2873 B
1363 2843 1406 2872 30
1432 2840 1577 2882 graccis
1603 2840 1631 2870 A
1731 2840 1769 2870 :31

174 2900 253 2936 post
281 2894 356 2924 loco
382 2901 431 2925 cxl
456 2896 488 2925 in
515 2895 543 2924 A
569 2904 693 2924 rasura
788 2892 829 2923 32
856 2891 950 2922 siout
976 2891 1055 2921 AB:
1084 2889 1192 2920 sicuti
1219 2899 1239 2919 a
1339 2886 1484 2917 dubitat
1509 2886 1537 2916 A
1561 2895 1587 2916 s.
1615 2886 1634 2918 l.
1730 2886 1773 2915 33

176 2941 221 2972 ab
250 2940 316 2971 :ilis
342 2940 389 2969 Bu
414 2952 468 2980 pr.
495 2952 535 2974 m,
