1939 3180
147 84 228 126 156
675 82 971 125 QUINTILIANI
1004 80 1123 111 1Nsr.
1158 79 1233 111 oR.

142 199 259 240 tione
290 194 519 237 uerborum
550 190 748 243 diximus,
781 186 908 229 initia
930 198 1096 241 quoque
1128 185 1172 232 et
1193 181 1411 244 clausulae
1443 179 1757 230 sententiarum

143 266 252 319 aliis,
286 263 359 305 sed
385 276 473 304 11011
506 260 589 301 alio
620 256 898 300 tendentibus
929 253 1071 295 uerbis
1103 251 1218 293 inter
1248 266 1292 293 se
1334 251 1590 293 consonant.
1633 248 1758 290 initia

143 336 224 376 hoc
254 333 399 374 modo:
433 327 725 371 dediderim
757 322 1020 381 periculis
1052 320 1323 374 omnibus,
1357 318 1647 374 optulerim
1678 318 1757 359 in-

144 402 324 456 sidiis,
358 396 648 442 obiecerim
678 394 934 437 inuidiae.
975 405 1122 444 rursus
1154 388 1368 432 clausulae
1400 387 1558 429 ibidem
1590 386 1757 428 statim:

144 487 232 515 uos
265 470 400 512 enim
433 464 743 519 statuistis,
782 477 874 505 uos
907 458 1239 509 sententiam
1272 456 1519 510 dixistis,
1558 469 1647 496 uos
1678 454 1794 496 iu-.=‚

145 537 449 583 dicauistis.
511 535 591 577 hoc
633 533 704 575 alii
744 530 1037 584 (υνωνυμὶαν,
1087 527 1160 569 alii
1207 525 1539 568 disiunctionem
1584 525 1758 577 uocant,

145 613 385 663 utrumque,
420 605 589 648 etiamsi
621 604 685 645 est
716 601 947 653 diuersum,
980 599 1118 640 recte:
1165 610 1266 636 nam
1298 596 1363 636 est
1393 593 1618 635 nominum
1648 592 1761 633 idem

146 676 488 736 significantium
521 670 749 728 separatio.
795 668 1119 724 congregantur
1140 678 1306 720 quoque
1328 663 1460 705 uerba
1490 662 1604 704 idem
1626 660 1761 716 signi-

146 747 336 791 ficantia.
399 757 529 800 quae
570 756 680 783 cum
720 739 794 781 ita
826 738 958 791 sint,
1001 733 1269 786 Catilina,
1311 746 1472 788 perge
1511 745 1609 786 quo
1648 743 1761 772 000-

146 816 303 873 pisti,
351 812 606 870 egredere
653 806 943 863 aliquando
999 820 1057 846 ex
1109 802 1257 844 urbe:
1309 802 1499 857 patent
1548 801 1758 855 portae,

76 884 517 943 46131·oficiscere.
579 882 622 921 et
666 879 711 919 in
757 875 939 919 eundem
987 873 1069 915 alio
1114 872 1245 913 libro:
1299 870 1455 924 abiit,
1504 868 1758 922 excessit,

147 954 349 1010 erupit,
384 950 575 994 euasit.
618 948 699 989 hoc
731 944 916 989 Caecilio
948 942 1219 995 πλεοναεμόε
1248 939 1434 993 uidetur,
1468 938 1511 979 id
1544 939 1608 979 est
1629 937 1760 978 abun-

147 1026 253 1067 dans
293 1036 420 1077 super
459 1017 761 1061 necessitatem
800 1014 957 1068 oratio,
996 1013 1107 1054 sicut
1138 1010 1232 1052 illa:
1285 1008 1394 1050 uidi
1426 1007 1607 1049 oculos
1639 1007 1762 1047 ante

147 1095 260 1149 ipse
291 1105 449 1133 meos:
500 1088 547 1129 in
578 1087 651 1128 illo
684 1084 799 1127 enim
831 1082 965 1124 ‘uidi'
997 1082 1111 1123 inest
1144 1080 1299 1134 ‘ipse’.
1342 1092 1491 1119 uerum
1522 1076 1578 1131 id,
1609 1077 1658 1116 ut
1680 1074 1763 1116 alio

148 1176 314 1218 quoque
344 1161 437 1201 loco
476 1157 586 1211 dixi,
629 1170 725 1197 cum
762 1166 1030 1208 superuacua
1067 1150 1271 1191 oneratur
1309 1146 1569 1199 adiectione,
1610 1143 1763 1186 uitium

150 1235 234 1286 est,
280 1244 375 1272 cum
414 1228 545 1283 auget
584 1227 658 1266 aut
696 1222 950 1264 manifestat
989 1219 1274 1270 sententiam,
1322 1217 1434 1258 sicut
1464 1214 1555 1269 hic,
1602 1213 1762 1257 uirtus:

80 1305 132 1347 47
151 1300 275 1354 ‘uidi,
310 1299 415 1353 ipse,
450 1297 551 1337 ante
583 1292 753 1336 oculos’
786 1291 967 1333 totidem
999 1291 1101 1330 sunt
1123 1287 1331 1328 adfectus.
1376 1299 1450 1326 cur
1480 1286 1627 1325 tamen
1658 1282 1765 1323 haec

149 1369 321 1426 proprie
362 1366 534 1408 nomine
566 1363 641 1405 tali
684 1360 868 1414 notarit,
910 1374 997 1401 non
1037 1357 1184 1399 uideo:
1225 1370 1326 1397 nam
1366 1356 1408 1396 et
1447 1351 1682 1409 geminatio
1723 1352 1766 1392 et

149 1437 350 1494 repetitio
382 1437 424 1477 et
455 1433 775 1490 qualiscumque
807 1428 990 1470 adiectio
1021 1425 1290 1479 πλεοναεμόε
1320 1422 1456 1464 uideri
1487 1423 1642 1477 potest.
1685 1434 1767 1461 nec

151 1508 282 1550 uerba
313 1505 453 1558 modo,
487 1502 560 1544 sed
593 1514 742 1542 sensus
764 1512 930 1554 quoque
963 1496 1075 1537 idem
1106 1494 1317 1536 facientes
1340 1492 1618 1534 aceruantur:
1651 1504 1765 1545 per-

152 1575 395 1620 turbatio
439 1573 600 1614 istum
646 1567 841 1610 mentis
885 1568 935 1607 et
984 1564 1236 1620 quaedam
1281 1561 1540 1604 scelerum
1585 1558 1767 1601 offusa

154 1646 334 1700 caligo
368 1645 417 1684 et
450 1641 702 1683 ardentes
734 1636 997 1678 furiarum
1028 1634 1175 1675 faces
1208 1631 1602 1673 excitauerunt.

84 1729 138 1770 48
269 1713 573 1768 Congcruntur
613 1711 655 1749 et
692 1706 882 1748 diuersa:
934 1702 1146 1756 mulier,
1194 1699 1418 1756 tyranni
1457 1712 1615 1739 saeua
1655 1711 1767 1738 cru-

154 1783 377 1836 delitas,
426 1778 596 1834 patris
643 1790 804 1829 amor,
852 1774 930 1814 ira
976 1784 1259 1826 praeceps,
1308 1766 1637 1810 temeritatis
1683 1765 1767 1806 de-

154 1852 370 1895 mentia.
433 1851 476 1890 et
508 1846 621 1902 apud
653 1844 876 1887 Ouidium:

213 1920 301 1963 sed
333 1932 494 1974 graue
526 1914 811 1957 Nereidum
842 1925 1063 1964 numen,
1096 1908 1188 1950 sed
1221 1906 1473 1960 corniger
1505 1905 1746 1958 Ammon,

213 1989 301 2030 sed
333 2000 464 2042 quae
496 1983 798 2026 uisceribus
830 1979 1087 2022 ueniebat
1117 1975 1273 2018 belua
1304 1973 1457 2030 ponti

215 2053 580 2100 exsaturanda
610 2051 754 2093 meis.

250 2155 281 2185 3.
310 2162 354 2183 ex
381 2160 431 2182 or.
460 2150 497 2180 in
524 2148 565 2188 Q.
581 2145 785 2185 Metellum,
812 2144 902 2176 item
928 2142 1033 2174 locus
1060 2149 1228 2181 sequens.
1323 2139 1354 2169 9.
1383 2137 1421 2168 in
1447 2135 1529 2170 Cat.
1556 2137 1585 2175 I,
1612 2136 1644 2174 5,
1674 2136 1723 2168 lo.

159 2202 211 2232 13.
240 2198 326 2229 Aen.
355 2197 409 2237 12,
435 2196 513 2228 638.
624 2194 678 2224 20.
706 2191 838 2232 fragm.
865 2189 942 2220 Cic.
971 2199 1015 2219 ex
1041 2197 1093 2219 or.
1119 2186 1156 2217 in
1182 2185 1275 2224 Pis.‚
1309 2186 1349 2214 ut
1375 2193 1472 2214 nunc
1500 2181 1687 2223 cognitum
1713 2182 1770 2211 est

159 2257 203 2278 ex
229 2242 451 2285 fragmentis
478 2251 496 2272 e
523 2239 648 2271 codice
674 2237 825 2270 Nicolai
851 2234 991 2266 Cusani
1017 2233 1062 2264 ab
1091 2233 1117 2263 I.
1145 2230 1292 2262 Kleinio
1320 2229 1439 2261 editis.
1556 2229 1609 2259 23.
1640 2237 1684 2258 ex
1710 2226 1769 2258 de-

158 2290 398 2330 clamatione,
424 2291 462 2319 ut
489 2286 646 2318 uidetur.
745 2284 800 2314 ⁴26.
828 2282 978 2313 Metam.
1003 2282 1036 2320 ἴ),
1064 2280 1116 2312 17.

253 2372 269 2402 1
298 2368 488 2402 clausulae
514 2386 557 2390 —
583 2368 680 2398 inter
705 2374 743 2396 50
770 2374 833 2396 om.
858 2363 894 2392 M
988 2362 1007 2392 3
1030 2359 1115 2400 fort.
1142 2356 1344 2389 dediderim
1370 2366 1425 2387 me
1522 2352 1717 2386 obtulerim
1743 2353 1772 2383 A

250 2418 271 2448 4
297 2415 473 2448 obicerim
492 2415 518 2445 G
612 2414 631 2444 ἵ)
659 2409 896 2442 iudieauistis
922 2417 1000 2438 nos:
1028 2404 1260 2436 iu‹lica**tis
1277 2403 1317 2442 A,
1344 2401 1543 2433 iudicastis
1570 2400 1726 2434 GMsag

158 2466 178 2496 6
205 2463 257 2495 ali
284 2480 325 2483 ——
353 2461 403 2493 ali
429 2460 507 2492 A'G
601 2456 837 2498 cinonymian
861 2454 940 2493 AG,
969 2450 1231 2483 metanomiam
1257 2451 1277 2480 S
1376 2447 1397 2479 8
1422 2445 1707 2489 significantium
1733 2445 1773 2484 A,

160 2509 411 2552 significatum
428 2508 474 2547 M,
503 2504 689 2547 significat
707 2503 831 2533 uiuum
850 2501 888 2539 G,
918 2497 1105 2540 significat
1134 2496 1228 2527 idem
1246 2496 1283 2533 S,
1312 2504 1396 2525 nam
1415 2496 1452 2525 et
1469 2492 1654 2523 nominum
1673 2490 1771 2521 idem

161 2557 254 2597 sign.
283 2553 472 2595 separatio
499 2556 554 2583 est
581 2554 618 2582 et
644 2546 885 2589 congregatio
911 2546 998 2576 coni.
1025 2543 1192 2584 Spalding]
1286 2542 1559 2581 congreguntur
1583 2547 1675 2568 corr.
1701 2536 1728 2566 G

160 2601 276 2633 uerba
303 2610 446 2641 quoque
473 2598 641 2639 Spalding]
758 2595 777 2624 9
804 2593 859 2623 ita
884 2591 924 2630 A,
950 2591 1014 2621 secl
1037 2589 1048 2620 i
1074 2590 1107 2620 in
1133 2598 1203 2619 ras.
1229 2587 1302 2618 ista
1329 2585 1355 2616 G
1469 2585 1510 2615 12
1536 2583 1771 2625 pleonasmos

162 2649 225 2679 mei
317 2644 536 2677 habundans
562 2643 633 2673 AM
729 2641 769 2671 15
795 2648 876 2669 cum
902 2648 962 2668 om.
991 2637 1029 2676 G,
1059 2645 1139 2666 cum
1165 2642 1398 2674 superuacua
1423 2631 1452 2661 A
1477 2631 1511 2662 in
1535 2638 1604 2660 ras.
1632 2630 1653 2658 2
1670 2638 1710 2658 m.

163 2695 294 2725 onerat
319 2691 462 2723 Schuetz
582 2689 622 2719 1ss
648 2685 868 2718 manifestat
892 2692 930 2715 a:
958 2681 1160 2713 manifesta
1184 2679 1303 2717 AGM,
1330 2676 1568 2708 manifestam
1594 2674 1613 2703 S
1732 2672 1772 2702 17

162 2739 223 2770 uid
250 2736 329 2778 (sic)
356 2746 386 2776 a,
412 2736 516 2768 uidet
540 2733 676 2765 AGMS
795 2730 836 2761 18
863 2727 1047 2760 notauerit
1072 2727 1107 2756 M
1225 2723 1427 2767 geminatio
1452 2722 1482 2753 A
1505 2721 1539 2751 in
1563 2729 1635 2751 ras.
1732 2718 1772 2748 19

165 2784 401 2826 pleonasmus
427 2783 462 2812 M
556 2782 599 2811 20
627 2778 837 2810 efficientes
862 2774 1006 2806 malebat
1033 2772 1200 2814 Spalding]
1295 2769 1519 2800 acerbantur
1543 2763 1693 2795 A¹GMS

165 2833 205 2861 21
234 2829 366 2861 mentis
392 2833 424 2859 ec
449 2829 491 2868 A,
518 2825 649 2858 mentis
675 2823 738 2855 sed
764 2822 862 2853 GMS
972 2818 1087 2851 effusa
1113 2818 1183 2848 GM
1299 2816 1341 2846 ‘22
1369 2813 1623 2844 excitauerunt
1647 2809 1771 2841 AGM:

166 2876 377 2907 excitarunt
402 2875 450 2908 ὃς
545 2873 587 2903 23
615 2869 818 2901 credulitas
843 2867 873 2897 A
989 2866 1032 2896 ‘24
1058 2861 1280 2895 temeritatis
1305 2860 1453 2890 AGMS:
1481 2856 1670 2889 temeritas
1696 2856 1772 2886 edd.

259 2922 299 2951 26
327 2930 433 2951 amon
459 2919 497 2959 G,
524 2917 694 2948 hammon
720 2915 750 2945 A
774 2915 806 2945 in
833 2922 904 2946 ras,
930 2913 1006 2943 2m.
1034 2911 1112 2940 affio
1138 2909 1173 2938 M
1306 2907 1346 2937 27
1375 2907 1411 2936 et
1437 2914 1531 2946 quae
1557 2902 1685 2942 AGM,
1712 2901 1776 2932 sed

167 2966 196 2997 A
224 2970 258 2997 ct
282 2967 314 2996 in
342 2976 411 2996 ras.
504 2963 616 2994 uelba
641 2960 697 3002 A¹,
725 2959 852 2992 bellua
879 2959 897 2988 S
992 2957 1102 2998 ponto
1130 2952 1268 2985 Ouidius

1781 814 1815 839 10

1784 1158 1816 1183 15

1785 1504 1818 1529 20

1786 1846 1819 1871 25
