1939 3180
220 123 298 165 158
738 129 1033 168 QUINTILIANI
1066 128 1186 159 1Nsr.
1221 128 1295 158 on.

148 240 201 281 53
217 251 255 276 m
268 236 382 276 ulta
413 248 630 288 quoque.
673 231 876 273 aduerbia
906 245 1072 286 quoque
1104 233 1146 271 et
1175 230 1430 285 pronomina
1460 228 1704 270 uariantur:
1736 227 1819 268 hic

216 304 369 344 illum
399 301 508 343 uidi
538 302 783 342 iuuenem
804 326 854 330 —
880 299 961 340 bis
993 313 1146 340 senos
1178 298 1261 340 cui
1291 300 1476 339 nostra
1507 297 1617 338 dies
1650 322 1699 327 —
1731 295 1820 336 hic

216 371 344 412 mihi
375 374 685 425 responsu‘m
717 368 916 423 primus
937 367 1084 419 dedit
1113 366 1207 408 ille
1237 367 1459 421 petenti.
1502 365 1575 407 sed
1595 367 1820 419 utrumque

148 443 203 484 54
218 441 367 481 horum
398 438 615 480 aceruatio
646 440 710 479 est
740 439 815 478 aut
844 436 993 477 iuncta
1024 436 1099 476 aut
1124 434 1370 476 dissoluta„
1418 433 1614 474 omnibus
1645 432 1820 486 scripto-

217 522 284 549 res
316 522 391 549 sua
422 507 598 548 nomina
620 506 841 559 dederunt,
873 504 945 546 sed
966 504 1088 545 uaria
1110 503 1154 545 et'
1169 499 1230 544 ‘ut
1251 503 1401 557 cuique
1431 500 1617 555 fingenti
1648 500 1821 555 placuit.
1841 505 1856 529 5

216 577 314 617 fons
345 576 514 631 quidem
544 589 676 629 unus,
709 573 808 629 quia
840 572 1004 614 acriora
1034 571 1142 613 facit
1177 573 1220 612 et
1258 569 1538 623 instantiora,
1577 583 1684 624 quae
1723 568 1823 609 dici-

218 659 332 698 mus,
371 646 413 685 et
442 645 532 685 uim
570 643 786 698 quandam
816 655 920 697 prae
951 655 995 682 se
1033 639 1217 681 ferentia
1247 638 1366 680 uelut
1396 638 1565 692 saepius
1597 651 1823 691 erumpens

220 713 426 754 adfectus.

335 780 613 834 Gradatio,
645 794 752 834 quae
784 778 940 820 dicitur
970 780 1133 831 κλῖμαΞ,
1168 776 1425 831 apertiorem
1456 775 1586 816 habet
1616 776 1751 815 artem
1783 774 1826 814 et

150 854 205 894 55
219 850 357 905 magis
397 849 680 902 adfectatam,
722 847 899 902 ideoque
939 860 1029 887 esse
1067 845 1203 886 rarior
1241 844 1379 885 debet.
1450 845 1515 884 est
1552 845 1695 884 autem
1732 842 1826 897 ipsa

220 933 386 973 quoque
419 917 692 959 adiectionis:
724 915 881 971 repetit
913 914 1026 956 enim
1058 928 1165 968 quae
1197 913 1311 954 dicta
1342 914 1464 966 sunt,
1506 913 1549 952 et
1578 911 1825 966 priusquam

222 987 274 1028 ad
312 986 428 1027 aliud
468 985 719 1039 descendat,
769 985 814 1025 in
854 983 1066 1038 prioribus
1106 981 1288 1023 resistit:
1341 980 1459 1022 cuius
1498 979 1738 1034 exemplum
1775 993 1825 1019 ex

223 1055 387 1097 Graeco
418 1054 643 1096 notissimo
673 1052 982 1094 transferatur:
1033 1065 1134 1092 non
1167 1050 1302 1091 enim
1334 1049 1444 1090 dixi
1476 1047 1705 1103 quidem,
1738 1046 1827 1087 sed

222 1139 325 1165 non
354 1127 561 1174 scripsi,
597 1137 684 1164 nec
716 1125 909 1173 scripsi
944 1123 1153 1173 quictem,
1193 1122 1279 1160 secl
1316 1132 1409 1160 non
1448 1116 1557 1158 obii
1596 1114 1827 1171 legatio-

222 1207 359 1246 nem,
394 1206 481 1233 nec
503 1195 604 1233 obii
623 1194 817 1243 quidem
839 1192 1167 1241 teqationem,
1192 1186 1281 1228 sed
1302 1200 1405 1227 non
1426 1183 1672 1239 persuasi
1694 1182 1825 1224 The-

153 1260 392 1305 5s3banis.
454 1262 554 1301 sunt
590 1262 736 1301 tamen
773 1257 933 1299 tradita
973 1258 1015 1297 et
1046 1255 1221 1296 Latina:
1272 1254 1532 1295 Africano
1571 1247 1831 1293 uirtutem

223 1328 519 1382 industria,
551 1328 727 1369 uirtus
749 1326 996 1382 gloriam,
1029 1323 1204 1378 gloria
1226 1322 1458 1364 aemulos
1482 1322 1826 1375 comparauit.

225 1399 267 1438 et
306 1396 448 1439 Calui:
499 1411 599 1437 non
644 1409 768 1450 ergo
806 1394 978 1449 magis
1024 1391 1368 1447 pecuniarum
1414 1389 1830 1444 repetundarum

225 1480 376 1520 quam
407 1464 733 1518 maiestatis,
767 1477 937 1517 neque
967 1460 1266 1502 maiestatis
1297 1459 1465 1513 magis
1496 1472 1647 1513 quam
1678 1457 1831 1498 Plau-

224 1535 330 1575 tiae
362 1534 522 1589 legis,
554 1546 719 1587 neque
751 1531 998 1572 Plautiae
1028 1528 1166 1584 legis
1197 1528 1368 1583 magis
1400 1541 1549 1582 quam
1581 1525 1863 1579 ambitusf-

226 1617 393 1657 neque
440 1601 668 1642 ambitus
707 1599 875 1654 magis
913 1612 1062 1653 quam
1101 1597 1328 1638 omnium
1369 1595 1545 1650 legum
1593 1596 1635 1635 et
1677 1595 1829 1634 cetera.

157 1675 209 1717 57
227 1671 446 1712 inuenitur
477 1670 590 1725 apud
628 1670 779 1724 poetas
819 1681 1004 1722 quoque,
1050 1667 1097 1706 ut
1136 1666 1249 1719 apud
1286 1663 1520 1705 Homerum
1558 1663 1608 1703 de
1647 1663 1829 1716 sceptro,

227 1739 338 1794 quod
370 1754 394 1780 a
424 1738 524 1779 Ioue
556 1738 608 1778 ad
640 1737 1011 1792 Agamemnonem
1042 1748 1173 1789 usque
1205 1732 1388 1786 deducit,
1423 1734 1466 1773 et
1496 1730 1607 1786 apud
1638 1732 1831 1772 nostrum

229 1808 358 1849 etiam
388 1807 623 1862 tragicum:

321 1879 515 1939 ifidTL
542 1900 598 1934 43,
696 1900 746 1931 13.
774 1897 962 1929 Demosth.
989 1896 1033 1929 de
1060 1906 1132 1928 cor.
1159 1896 1178 1934 ξ
1206 1896 1281 1928 179.
1386 1894 1438 1925 16.
1465 1893 1569 1926 Rhet.
1598 1891 1643 1924 ad
1669 1891 1832 1924 Herenn.

228 1949 260 1986 4,
287 1949 341 1978 25.
436 1947 490 1977 22.
518 1946 626 1977 Hom.
654 1944 698 1976 Il.
725 1945 757 1983 2,
786 1945 861 1976 101.
958 1944 1012 1974 23.
1042 1942 1172 1973 incerti
1197 1940 1334 1982 tragici
1360 1938 1457 1981 apud
1482 1938 1590 1969 Ribb.
1618 1948 1651 1980 p.
1677 1939 1755 1972 212,

324 2028 340 2057 1
370 2029 406 2057 ct
430 2026 515 2056 MS:
541 2036 602 2059 om.
629 2025 694 2055 AG
787 2025 807 2054 2
832 2023 889 2055 bis
917 2033 1024 2054 senos
1042 2022 1071 2052 A
1094 2021 1220 2062 partim
1245 2021 1278 2051 in
1303 2029 1373 2052 ras.
1469 2020 1489 2050 3
1515 2016 1578 2049 ille
1604 2017 1745 2060 petenti
1772 2016 1835 2048 sed

230 2074 259 2103 A
284 2074 360 2105 2772.
385 2073 419 2103 in
444 2082 513 2103 ras.
541 2072 679 2102 minoris
703 2070 808 2110 spatii
911 2070 932 2100 4
956 2067 1082 2100 horum
1110 2065 1297 2098 acerbatio
1325 2062 1531 2106 (aceruatio
1556 2061 1591 2106 a)
1618 2064 1741 2094 AGM:
1768 2062 1836 2094 hoc

232 2117 468 2150 coacerbatio
494 2118 525 2156 S,
553 2116 788 2148 coaceruatio
815 2114 900 2155 (sine
926 2112 1067 2153 horum)
1095 2114 1120 2143 Τ
1145 2122 1236 2144 corr.
1264 2115 1297 2142 et
1323 2110 1489 2151 Spalding
1584 2112 1640 2140 est
1666 2111 1729 2140 aut
1754 2118 1834 2141 nos:

232 2167 269 2195 et
295 2166 436 2194 tantum
461 2162 550 2202 libri,
579 2164 649 2203 est,
676 2164 818 2193 tantum
844 2160 1011 2201 Spalding]
1103 2160 1224 2189 iuncta
1247 2157 1288 2197 A,
1314 2156 1417 2187 iucta
1443 2157 1480 2195 G,
1507 2154 1607 2185 uicta
1624 2155 1659 2184 M
1752 2155 1772 2185 5
1799 2156 1835 2184 et

232 2212 271 2240 ut
295 2210 324 2240 A
348 2210 382 2240 in
406 2218 477 2240 ras.
501 2210 638 2245 minore,
665 2208 753 2239 uncle
778 2207 886 2237 malim
910 2208 950 2236 ut
976 2203 1062 2245 (sine
1089 2203 1159 2245 et),
1187 2206 1223 2234 et
1248 2206 1287 2233 ut
1314 2219 1354 2223 —
1381 2200 1534 2232 (licinius
1561 2211 1622 2232 om.
1651 2200 1705 2229 GS

232 2253 393 2296 fingendi
418 2255 454 2284 M
546 2253 673 2296 placui
698 2252 738 2283 A¹
835 2252 855 2283 6
882 2250 988 2293 quido
1012 2251 1053 2290 A,
1078 2250 1141 2281 sed
1165 2251 1181 2279 ὃ
1207 2249 1240 2280 in
1264 2258 1336 2279 ras.
1432 2246 1518 2288 quia
1542 2247 1595 2277 M:
1623 2245 1686 2286 qui
1703 2245 1744 2284 A,
1771 2244 1833 2286 qui

235 2303 272 2331 et
298 2301 421 2342 Regius
515 2301 533 2331 7
561 2310 599 2331 se
627 2301 653 2330 G
678 2310 739 2331 om.
767 2300 838 2329 Im.
935 2297 1059 2338 sepius
1077 2296 1153 2335 MS,
1181 2304 1219 2326 se
1246 2293 1346 2335 prius
1363 2292 1429 2323 AG
1523 2300 1715 2332 erumpens
1734 2290 1836 2331 Spal-

233 2348 331 2387 diny:
359 2345 583 2386 erumpentis
608 2345 687 2376 libri
778 2346 797 2375 9
824 2343 984 2385 graditio
1010 2340 1052 2372 Αι
1143 2339 1309 2371 {memmi
1335 2338 1363 2369 A
1459 2339 1497 2369 11
1526 2337 1755 2368 adiectiones
1780 2336 1835 2366 Gs

324 2392 538 2433 priusquam
566 2391 612 2422 ad
637 2391 666 2420 A
692 2391 725 2421 in
750 2400 819 2421 ras.
849 2389 896 2420 ad
921 2400 982 2421 om.
1003 2389 1029 2418 G
1126 2387 1166 2417 12
1193 2385 1295 2416 cuius
1313 2385 1358 2415 A:
1387 2384 1464 2415 eius
1484 2383 1613 2417 GMSg
1707 2383 1748 2413 13
1774 2391 1835 2412 110-

234 2438 412 2469 tissimum
438 2437 581 2468 malebat
606 2436 794 2477 Spalcttnffi
820 2435 918 2466 lectio
944 2432 1133 2465 notissimo
1154 2433 1311 2472 firmatur
1335 2441 1356 2461 a
1381 2430 1542 2461 Diomede
1566 2440 1600 2470 p.
1622 2429 1701 2468 448,
1726 2428 1768 2458 17
1790 2426 1834 2458 K.

325 2483 572 2514 transferatur
595 2483 675 2513 MS:
702 2481 904 2512 transferat
927 2480 996 2510 AG
1100 2487 1172 2508 non
1198 2477 1294 2507 enim
1320 2475 1395 2506 dixi
1420 2475 1566 2515 quidem
1593 2473 1657 2504 sed
1681 2483 1751 2504 non
1777 2471 1838 2503 obi

237 2528 295 2568 (ol)
323 2528 356 2569 S)
384 2527 609 2569 legationem
635 2527 698 2559 scd
723 2537 795 2558 non
820 2525 1006 2567 persuasit
1030 2524 1124 2555 hacc
1150 2522 1256 2553 uanis
1284 2521 1405 2561 (nauis
1430 2520 1479 2559 M)
1506 2519 1640 2550 AGMS
1665 2528 1780 2549 manee
1804 2521 1837 2548 et

235 2579 415 2615 corrupte,
450 2584 522 2605 non
550 2573 644 2604 enim
671 2572 745 2603 (lixi
772 2573 834 2603 sed
860 2582 905 2602 110
931 2570 1062 2611 scripsi
1094 2568 1238 2610 quidem
1270 2566 1495 2608 legationem
1521 2565 1583 2597 sed
1609 2573 1728 2595 ncnon
1754 2572 1837 2603 pcr-

236 2620 337 2651 suasi
362 2619 493 2650 thebas
520 2619 598 2651 libri
624 2619 814 2651 Diomedis,-
847 2617 992 2648 Keilinm
1016 2622 1148 2647 secutus
1174 2614 1291 2654 recepi
1314 2613 1557 2652 repetetz'onem
1582 2620 1653 2641 noe.
1680 2608 1836 2649 legatio-

237 2676 331 2704 nem,
358 2676 424 2706 qua
449 2669 567 2695 carent
592 2665 671 2697 edd.
767 2664 806 2694 1ss
832 2665 916 2694 sunt
932 2663 1014 2692 AG:
1043 2660 1116 2692 sint
1142 2661 1209 2700 (uel
1226 2658 1290 2698 sit)
1317 2658 1399 2690 dett.
1427 2661 1458 2688 et
1477 2664 1497 2691 ς
1592 2656 1631 2686 17
1657 2652 1837 2685 industria

237 2711 412 2741 uirtutem
441 2710 585 2741 Meister·
611 2722 642 2751 q.
662 2710 773 2748 Quint.
793 2708 822 2744 J,
844 2710 897 2745 17,
923 2712 958 2738 ut
982 2706 1118 2739 obstant
1142 2705 1220 2736 libri
1245 2714 1374 2745 qnoque
1399 2703 1516 2743 optimi
1532 2701 1628 2733 Rhet.
1647 2700 1693 2730 ad
1709 2698 1796 2729 Iler.
1817 2699 1837 2728 4

238 2767 264 2788 (Α.
286 2759 329 2786 25
355 2761 388 2787 et
416 2757 520 2787 Dium.
547 2757 681 2796 11448,
702 2758 744 2785 20
763 2754 809 2787 K.
949 2752 1066 2794 gloria
1091 2751 1120 2781 A
1145 2752 1177 2782 in
1202 2760 1272 2781 ras.
1414 2749 1454 2779 19
1487 2756 1595 2787 quain
1620 2744 1837 2775 maiestates

240 2800 389 2831 A¹GMS
482 2802 522 2832 21
551 2800 671 2841 legum
700 2803 767 2831 ctc.
796 2799 980 2840 Spaldingy:
1007 2797 1127 2838 legum
1156 2799 1210 2827 ost
1234 2794 1312 2825 libri
1335 2797 1367 2824 et
1394 2801 1430 2830 ¹33
1457 2793 1490 2823 in
1515 2802 1588 2824 noc.
1614 2789 1735 2831 legum
1762 2790 1837 2820 item

241 2848 362 2877 ‹les-init
395 2842 705 2887 etz-onmiumhymd
736 2846 947 2877 Diomedem:
979 2847 1099 2875 eontra
1133 2842 1258 2883 Aquila
1289 2840 1456 2870 Romanus
1486 2838 1504 2875 ξ
1531 2838 1574 2867 40
1606 2836 1668 2866 leuc·
1698 2836 1839 2876 amplius

241 2892 358 2922 lmbet:
384 2892 541 2922 omnium
566 2892 687 2933 legum
715 2890 852 2921 iudicia
878 2890 1077 2931 perierunt,
1105 2897 1190 2929 qnae
1215 2886 1350 2917 uidetur
1374 2893 1447 2914 esse
1470 2882 1689 2922 interpolatio
1796 2882 1837 2911 22

242 2936 284 2967 (lo
312 2943 458 2977 sceptro
483 2938 512 2966 A
537 2939 569 2967 ἰη
595 2948 664 2967 ras.
694 2935 888 2976 (lcsccptor
913 2936 939 2965 G
1032 2936 1074 2964 23
1101 2932 1145 2962 ad
1164 2933 1192 2962 A
1217 2934 1251 2962 in
1275 2940 1344 2961 ras.
1440 2937 1550 2969 usquc
1577 2926 1722 2958 deducit
1747 2930 1779 2957 et
1796 2926 1836 2965 A,

242 2991 355 3021 usque
384 2999 422 3002 -—
450 2981 631 3012 Tantalus
658 2982 709 3012 bie
735 2992 795 3011 0711.
823 2981 888 3018 GS,
916 2981 960 3018 ef.
980 2980 1026 3010 ml
1041 2989 1075 3019 p,
1097 2979 1171 3016 157,
1194 2978 1210 3006 1
