1939 3180
228 52 311 103 226
750 59 1044 109 QUINT‘ILIANI
1075 59 1194 99 iusr.
1228 60 1302 98 011.

231 174 398 228 saepius
430 175 473 214 et
502 172 730 227 inperitus)
762 171 1002 226 intellegat,
1036 172 1108 211 aut
1127 184 1182 211 ne
1203 161 1454 224 intellegere
1476 183 1520 210 56,
1541 170 1682 224 neget,
1714 166 1825 223 quod

160 243 214 283 :32
228 240 536 296 interrogantis
577 255 665 281 non
706 240 799 281 leue
840 239 978 293 frigus
1019 240 1096 279 est.
1163 237 1262 278 illae
1301 251 1402 278 uero
1447 237 1656 291 pessimae
1695 237 1822 289 artes,

227 311 381 350 testem
412 309 689 350 subornatum
730 307 776 348 in
816 302 1016 348 subsellia
1055 305 1287 365 aduersarii
1317 305 1507 361 mittere,
1550 307 1598 345 ut
1627 304 1726 345 inde
1757 318 1824 344 ex-

229 378 383 418 citatus
414 376 509 431 plus
541 378 696 417 noceat
725 375 794 416 uel
825 374 1004 416 dicendo
1036 376 1187 417 eontra,
1221 388 1360 428 reum,
1403 388 1495 415 eun]
1540 387 1623 427 quo
1653 372 1822 426 sederit,

226 445 313 499 uel,
357 459 452 486 611111
489 444 702 485 adiuuisse
732 443 978 484 testimonio
1016 441 1249 496 uidebitur,
1292 441 1490 482 faciendo
1528 455 1579 481 ex
1615 439 1860 483 industrias

227 513 361 554 multa
392 512 629 554 inmodeste
661 514 789 566 atque
820 511 1170 564 intemperanter,
1202 524 1277 563 per
1308 523 1415 564 quae
1437 523 1525 550 11011
1548 523 1572 549 a
1593 522 1636 549 se
1658 510 1823 549 tantum

227 581 352 622 dietis
384 580 583 622 detrahat
612 580 752 634 fidem,
786 578 859 620 sed
892 578 1042 619 ceteris
1064 583 1242 632 quoque,
1273 577 1344 632 qui
1365 576 1627 631 profuerant,
1660 576 1827 616 auferat

229 649 480 690 utilitatem:
523 663 701 704 quorum
742 647 1003 688 mentionem
1044 645 1196 699 habui,
1242 660 1327 686 non
1369 647 1417 686 ut
1458 644 1629 698 fierent,
1671 643 1743 685 sed
1780 646 1828 684 ut

228 717 479 758 uitarentur.

343 785 477 839 Saepe
507 785 621 826 inter
652 799 696 825 se
728 783 869 825 collidi
900 782 1038 824 solent
1067 781 1166 823 inde
1187 781 1375 836 testatio,
1408 781 1510 822 111116
1530 782 1680 822 testes:
1711 780 1827 821 locus
1848 799 1879 822 ιο

229 854 463 908 utrimque:
496 852 600 894 haee
632 852 745 893 enim
777 866 820 893 se
851 865 951 905 pars
982 849 1287 903 iureiurando,
1321 849 1395 890 illa
1417 862 1627 890 consensu
1655 836 1829 903 signan-

162 922 214 962 33
229 923 335 962 tium
374 923 530 962 tuetur.
602 935 728 975 saepe
769 920 883 960 inter
923 920 1054 960 testes
1096 919 1137 958 et
1178 919 1433 972 argumenta
1472 917 1711 972 quaesitum
1751 918 1827 956 est.

230 990 329 1031 inde
361 989 586 1031 seientiam
616 989 662 1029 in
692 987 873 1029 testibus
906 989 949 1028 et
978 986 1251 1040 religionem,
1292 986 1469 1041 ingenia
1508 999 1599 1026 esse
1629 984 1674 1024 in
1706 998 1829 1037 argu—

230 1058 388 1099 mentis
428 1057 603 1099 dieitur:
646 1056 748 1097 111116
786 1057 940 1096 testem
971 1054 1133 1109 gratia,
1173 1055 1310 1107 metu,
1347 1052 1551 1107 pecunia,
1592 1052 1677 1106 ira,
1718 1051 1827 1105 odio,

231 1126 434 1180 amicitia,
467 1125 632 1166 ambitu
662 1124 767 1178 fieri,
802 1125 1056 1178 argumenta
1078 1137 1127 1163 ex
1149 1123 1305 1162 natura
1326 1120 1442 1161 duci:
1474 1120 1520 1161 in
1551 1120 1617 1160 his
1648 1119 1828 1160 iudicem
1851 1138 1880 1160 ις.

163 1194 217 1233 :34
231 1194 334 1248 sibi,
375 1195 421 1235 in
452 1193 536 1234 illis
568 1193 640 1234 alii
673 1192 856 1234 eredere.
918 1190 1158 1232 communia
1196 1189 1302 1230 liaeo
1333 1188 1524 1243 pluribus
1558 1177 1694 1228 causis
1725 1187 1830 1228 mul-

232 1265 404 1317 tumque
426 1263 587 1303 iactata
608 1263 721 1314 sunt,
753 1274 919 1314 semper
939 1261 1083 1300 tamen
1103 1257 1391 1299 iactabuntur.
1435 1255 1664 1310 aliquando
1685 1255 1831 1296 utrim-

232 1345 312 1385 que
343 1332 444 1371 sunt
473 1332 617 1384 testes,
650 1331 693 1370 et
722 1328 913 1384 quaestio
944 1326 1133 1381 sequitur
1164 1340 1214 1366 ex
1245 1325 1361 1378 ipsis,
1393 1326 1478 1365 utri
1508 1324 1703 1365 meliores
1726 1323 1829 1364 uiri:

233 1413 283 1439 ex
315 1398 472 1452 causis,
514 1398 599 1439 utri
630 1397 768 1451 magis
802 1394 1021 1437 eredibilia
1052 1393 1259 1434 dixerint:
1301 1408 1350 1434 ex
1390 1391 1704 1447 litigatoribus,
1746 1392 1830 1432 utri

165 1466 219 1505 :35
234 1466 375 1521 gratia
406 1465 544 1520 magis
574 1465 802 1506 ualuerint.
863 1464 928 1504 his
961 1463 1126 1503 adicere
1157 1461 1193 1503 si
1224 1461 1296 1516 qui
1327 1459 1441 1501 uolet
1463 1474 1523 1513 ea,
1556 1474 1663 1514 quae
1684 1459 1832 1500 diuina
1850 1476 1882 1501 20

233 1534 479 1576 testimonia
520 1535 698 1587 uocant,
738 1547 787 1574 ex
825 1530 1061 1586 responsis,
1101 1528 1305 1582 oraculis,
1348 1528 1580 1582 ominibus,
1620 1527 1831 1582 duplicem

234 1602 341 1644 sciat
380 1617 470 1643 esse
509 1616 651 1643 eorum
689 1602 943 1642 tractatum:
987 1597 1232 1653 generalem
1271 1596 1469 1650 alterum,
1517 1596 1563 1637 in
1601 1610 1683 1650 quo
1721 1595 1833 1636 inter

235 1670 398 1712 stoicos
421 1672 463 1711 et
483 1669 659 1725 Epicuri
690 1670 851 1710 sectam
882 1668 1046 1708 secutos
1078 1680 1225 1720 pugna
1256 1666 1462 1719 perpetua
1492 1666 1568 1718 est,
1602 1666 1832 1719 regaturne

234 1738 503 1793 prouidentia
533 1737 729 1791 mundus,
760 1735 989 1790 specialem
1021 1734 1201 1775 alterum
1233 1733 1344 1774 cirea
1375 1732 1510 1786 partis
1541 1731 1831 1785 diuinationis,

168 1807 222 1847 :36
236 1809 282 1847 ut
314 1820 503 1860 quaeque
535 1805 581 1846 in
612 1804 903 1860 quaestionem
937 1802 1072 1843 cadet.
1115 1801 1238 1842 aliter
1269 1800 1383 1842 enim
1405 1799 1684 1853 oraculorum,
1709 1799 1833 1840 aliter
1851 1816 1883 1840 Ξῖ.

236 1874 523 1928 haruspicum,
557 1887 780 1928 augurum,
816 1871 1114 1921 coniectorum,
1140 1867 1538 1909 mathematicorum
1559 1867 1662 1908 fides
1686 1866 1834 1908 confir-

237 1942 344 1982 mari
377 1944 451 1982 aut
488 1940 626 1982 refelli
665 1942 826 1994 potest,
870 1953 964 1980 611111
1004 1937 1060 1978 sit
1098 1952 1238 1978 rerum
1276 1937 1465 1991 ipsarum
1504 1936 1612 1976 ratio
1650 1935 1830 1976 diuersa.

237 2011 350 2051 eirea
381 2008 584 2050 eiusmodi
615 2023 779 2063 quoque
809 2008 1096 2048 instrumenta
1125 2005 1336 2046 firmanda
1365 2004 1432 2045 uel
1455 2004 1707 2046 destruenda
1727 2003 1833 2044 mul—

237 2080 328 2119 tum
358 2077 489 2118 habet
519 2076 658 2131 operis
689 2076 838 2129 oratio,
872 2075 906 2116 si
937 2089 1043 2128 quae
1065 2075 1165 2114 sunt
1186 2087 1311 2114 uoces
1333 2086 1408 2126 per
1428 2072 1590 2127 uinum,
1623 2086 1831 2121 somnum,

331 2229 346 2258 1
376 2230 412 2258 et
436 2227 480 2257 B:
507 2237 568 2261 om,
593 2225 649 2256 Ab
743 2236 787 2256 116
815 2236 875 2257 om.
904 2225 932 2255 A
1038 2222 1212 2264 intellege
1240 2222 1269 2253 si
1296 2225 1406 2263 neget
1430 2220 1469 2252 A¹
1587 2223 1606 2253 2
1633 2221 1833 2261 interroga—

239 2277 313 2304 tum
340 2283 411 2304 nou
436 2271 511 2303 leui
536 2272 564 2302 A
658 2270 719 2301 ille
746 2281 832 2302 uero
860 2270 1016 2311 pessime
1042 2269 1120 2300 A'B
1213 2270 1232 2300 3
1259 2267 1450 2299 aduersari
1467 2267 1496 2297 A
1590 2269 1626 2299 et
1651 2266 1786 2298 citatus
1804 2267 1833 2296 A

329 2319 350 2349 4
377 2327 456 2349 cum
484 2316 620 2347 sederit
646 2326 716 2356 quo
741 2317 769 2346 A
892 2317 911 2346 5
937 2314 1133 2347 uidebatur
1158 2314 1186 2344 A
1324 2314 1343 2344 6
1370 2323 1434 2354 per
1458 2323 1519 2343 om.
1545 2313 1574 2343 A
1690 2314 1830 2343 tantum

240 2363 328 2394 dieti
354 2364 382 2393 A
490 2363 508 2393 7
535 2361 680 2392 adferat
704 2361 744 2400 A,
774 2360 904 2392 afferat
930 2370 951 2390 a
1058 2361 1078 2392 8
1104 2359 1303 2390 utilitatem
1328 2358 1411 2389 AB:
1438 2358 1695 2389 auctoritatem
1722 2365 1742 2391 ς

243 2412 282 2441 13
309 2409 464 2440 seientia
489 2407 524 2438 id
550 2406 706 2438 testibus
731 2405 759 2435 A
854 2408 894 2437 15
919 2405 1003 2437 ferri
1028 2407 1082 2437 ed.
1103 2406 1216 2445 Camp.
1242 2403 1436 2445 ‹leprauari
1462 2404 1581 2435 l'z'clor·
1674 2403 1714 2434 16
1741 2401 1832 2433 aliA

334 2455 372 2485 17
399 2462 542 2494 semper
566 2453 609 2482 B:
638 2455 673 2482 et
698 2461 841 2492 semper
865 2449 893 2480 A
1012 2452 1050 2483 19
1077 2450 1184 2481 utrim
1211 2449 1328 2489 magis
1355 2448 1540 2480 credebila
1565 2447 1607 2479 A¹
1718 2446 1830 2478 credi-

243 2498 332 2531 bilia
348 2516 387 2521 —
404 2498 521 2537 magis
545 2508 606 2530 om.
627 2497 679 2536 Bg
705 2498 723 2526 1
741 2507 779 2529 m.
805 2497 1039 2536 .s·‹.¹1l.s·1171plela
1063 2499 1139 2526 sunt
1164 2496 1196 2526 z'n
1221 2505 1325 2535 margy.
1420 2494 1503 2525 utru
1521 2493 1573 2532 Bg
1597 2493 1646 2533 (in
1663 2492 1787 2533 vam-gl.)

242 2546 284 2575 ‘20
310 2544 432 2585 gratia
457 2543 506 2573 Bn
531 2544 563 2573 in
589 2553 694 2583 mar-gy.
719 2543 781 2573 secl
807 2543 824 2572 I
843 2552 881 2571 m.
974 2543 1013 2571 ⁴21
1043 2539 1290 2572 testimonium
1308 2540 1336 2569 A
1355 2541 1426 2570 Im.
1520 2538 1684 2569 omnibus
1709 2536 1785 2567 A¹B

242 2592 283 2621 23
310 2595 500 2631 regaturne
525 2587 553 2618 A
691 2588 733 2618 24
760 2586 911 2617 alteram
938 2585 978 2616 A¹
1098 2586 1196 2617 eirea
1221 2585 1406 2625 Spalding).-
1439 2587 1566 2614 contra
1591 2582 1670 2614 libri
1692 2586 1832 2621 praeter

242 2635 356 2666 Paris.
384 2636 414 2671 1,
439 2635 472 2665 in
498 2645 561 2674 quo
588 2633 689 2664 eirca
714 2637 855 2663 eaestmv
881 2632 1030 2662 traditur·
1056 2634 1199 2669 (contra
1224 2631 1300 2661 ilem
1317 2631 1391 2661 eod.
1411 2629 1492 2659 Iulii
1512 2629 1598 2661 Viet.
1623 2639 1657 2668 p.
1677 2629 1752 2663 400,
1769 2626 1834 2667 35)

299 2682 421 2720 partes
439 2678 677 2709 ‹liuinatiOnis
700 2678 830 2716 Vietor,
856 2681 889 2707 uc
914 2678 999 2707 coni.
1019 2677 1161 2718 le'egsc’us:
1187 2667 1585 2717 partifdminationem
1604 2672 1689 2709 libri,
1717 2673 1832 2714 partis

243 2724 509 2755 diminutionum
540 2723 771 2758 Tb'rnebladloe
803 2727 837 2753 al
862 2727 1008 2762 apparel
1033 2723 1206 2753 les-[ionem
1237 2720 1499 2751 diuinationem
1524 2719 1602 2749 inde
1627 2723 1733 2749 ortam
1759 2728 1832 2748 esse

244 2771 334 2811 qnod
358 2769 474 2810 partis
498 2780 562 2809 pro
585 2769 740 2809 genetiuo
765 2767 950 2798 lmbebalm·
1042 2768 1084 2797 ‘25
1111 2776 1268 2808 quaeque
1293 2767 1325 2795 in
1343 2765 1371 2795 A
1465 2762 1571 2794 cadet
1594 2763 1711 2794 Victor
1736 2768 1767 2793 el
1791 2771 1829 2792 a:

246 2814 380 2845 caedes
406 2813 445 2852 A,
476 2814 575 2844 cadit
600 2814 655 2847 Βς
752 2814 794 2843 2⁴3
821 2813 1029 2853 aruspicum
1049 2813 1074 2842 B
1162 2820 1359 2852 augurum*
1385 2807 1413 2839 A
1515 2810 1736 2839 coiectorum
1761 2808 1786 2837 B

244 2861 285 2890 27
313 2859 456 2889 roselli*
483 2859 511 2889 A
606 2860 763 2899 ipsarum
789 2857 861 2888 Ab:
890 2867 1011 2888 earum
1038 2858 1063 2887 B
1157 2858 1199 2887 ‘28
1225 2855 1398 2887 eiusmodi
1424 2855 1466 2884 B:
1495 2853 1554 2884 odi
1579 2854 1619 2892 A,
1647 2853 1719 2884 odii
1744 2863 1765 2882 a

245 2907 287 2934 2⁴.»
314 2907 397 2934 sunt
423 2904 502 2936 AB:
530 2904 602 2934 sint
627 2913 646 2937 ς
755 2903 928 2933 somnium
955 2903 1007 2941 Bg
