<?xml version="1.0" encoding="UTF-8"?>
<!DOCTYPE html PUBLIC "-//W3C//DTD XHTML 1.0 Transitional//EN"
    "http://www.w3.org/TR/xhtml1/DTD/xhtml1-transitional.dtd">
<html xmlns="http://www.w3.org/1999/xhtml" xml:lang="en" lang="en">
 <head>
  <title>
</title>
<meta http-equiv="Content-Type" content="text/html;charset=utf-8" />
  <meta name='ocr-system' content='tesseract 3.04.00' />
  <meta name='ocr-capabilities' content='ocr_page ocr_carea ocr_par ocr_line ocrx_word'/>
</head>
<body>
  <div class='ocr_page' id='page_1' title='image "./institutionisora00quinuoft_0659.png"; bbox 0 0 1939 3228; ppageno 0'>
   <div class='ocr_carea' id='block_1_1' title="bbox 72 822 104 846">
    <p class='ocr_par' dir='ltr' id='par_1_1' title="bbox 72 822 104 846">
     <span class='ocr_line' id='line_1_1' title="bbox 72 822 104 846; baseline 0.031 -1"><span class='ocrx_word' id='word_1_1' title='bbox 72 822 104 846; x_wconf 84' lang='lat'>10</span> 
     </span>
    </p>
   </div>
   <div class='ocr_carea' id='block_1_2' title="bbox 71 1499 104 1523">
    <p class='ocr_par' dir='ltr' id='par_1_2' title="bbox 71 1499 104 1523">
     <span class='ocr_line' id='line_1_2' title="bbox 71 1499 104 1523; baseline 0.03 -1"><span class='ocrx_word' id='word_1_2' title='bbox 71 1499 104 1523; x_wconf 75' lang='lat'>20</span> 
     </span>
    </p>
   </div>
   <div class='ocr_carea' id='block_1_3' title="bbox 723 85 1709 138">
    <p class='ocr_par' dir='ltr' id='par_1_3' title="bbox 723 85 1709 138">
     <span class='ocr_line' id='line_1_3' title="bbox 723 85 1709 138; baseline -0.001 -12"><span class='ocrx_word' id='word_1_3' title='bbox 723 97 786 126; x_wconf 85' lang='lat' dir='ltr'>x1.</span> <span class='ocrx_word' id='word_1_4' title='bbox 828 94 860 138; x_wconf 70' lang='grc'>3,</span> <span class='ocrx_word' id='word_1_5' title='bbox 885 93 1102 125; x_wconf 73' lang='lat' dir='ltr'>113—12s.</span> <span class='ocrx_word' id='word_1_6' title='bbox 1626 85 1709 125; x_wconf 81' lang='lat'>303</span> 
     </span>
    </p>
   </div>
   <div class='ocr_carea' id='block_1_4' title="bbox 122 197 1810 1131">
    <p class='ocr_par' dir='ltr' id='par_1_4' title="bbox 122 197 1810 1131">
     <span class='ocr_line' id='line_1_4' title="bbox 123 197 1711 252; baseline -0.002 -12"><span class='ocrx_word' id='word_1_7' title='bbox 123 198 307 240; x_wconf 87' lang='lat' dir='ltr'>ereditur</span> <span class='ocrx_word' id='word_1_8' title='bbox 338 197 488 251; x_wconf 77' lang='lat' dir='ltr'>Cleon,</span> <span class='ocrx_word' id='word_1_9' title='bbox 530 200 572 238; x_wconf 87' lang='lat' dir='ltr'>et</span> <span class='ocrx_word' id='word_1_10' title='bbox 601 198 803 238; x_wconf 89' lang='lat' dir='ltr'>usitatum</span> <span class='ocrx_word' id='word_1_11' title='bbox 843 199 906 238; x_wconf 86' lang='lat' dir='ltr'>est</span> <span class='ocrx_word' id='word_1_12' title='bbox 944 200 986 237; x_wconf 89' lang='lat' dir='ltr'>et</span> <span class='ocrx_word' id='word_1_13' title='bbox 1021 197 1290 252; x_wconf 85' lang='lat' dir='ltr'>indignantis</span> <span class='ocrx_word' id='word_1_14' title='bbox 1322 197 1442 238; x_wconf 90' lang='lat' dir='ltr'>decet</span> <span class='ocrx_word' id='word_1_15' title='bbox 1481 199 1522 237; x_wconf 88' lang='lat' dir='ltr'>et</span> <span class='ocrx_word' id='word_1_16' title='bbox 1552 197 1711 237; x_wconf 83' lang='lat' dir='ltr'>excitat</span> 
     </span>
     <span class='ocr_line' id='line_1_5' title="bbox 122 265 1710 320; baseline -0.001 -13"><span class='ocrx_word' id='word_1_17' title='bbox 122 266 368 307; x_wconf 73' lang='lat' dir='ltr'>auditorem.</span> <span class='ocrx_word' id='word_1_18' title='bbox 429 266 553 320; x_wconf 89' lang='lat' dir='ltr'>idque</span> <span class='ocrx_word' id='word_1_19' title='bbox 584 265 628 306; x_wconf 92' lang='lat' dir='ltr'>in</span> <span class='ocrx_word' id='word_1_20' title='bbox 662 265 824 307; x_wconf 78' lang='lat' dir='ltr'>Calidio</span> <span class='ocrx_word' id='word_1_21' title='bbox 856 265 1002 306; x_wconf 81' lang='lat' dir='ltr'>Cicero</span> <span class='ocrx_word' id='word_1_22' title='bbox 1033 265 1263 306; x_wconf 72' lang='lat' dir='ltr'>desiderat:</span> <span class='ocrx_word' id='word_1_23' title='bbox 1304 280 1406 306; x_wconf 89' lang='lat' dir='ltr'>non</span> <span class='ocrx_word' id='word_1_24' title='bbox 1436 266 1606 318; x_wconf 82' lang='lat' dir='ltr'>frons,</span> <span class='ocrx_word' id='word_1_25' title='bbox 1647 265 1710 305; x_wconf 88' lang='lat' dir='ltr'>in-</span> 
     </span>
     <span class='ocr_line' id='line_1_6' title="bbox 122 332 1710 388; baseline -0.001 -14"><span class='ocrx_word' id='word_1_26' title='bbox 122 334 235 388; x_wconf 90' lang='lat' dir='ltr'>quit,</span> <span class='ocrx_word' id='word_1_27' title='bbox 275 348 550 388; x_wconf 88' lang='lat' dir='ltr'>pereussa,</span> <span class='ocrx_word' id='word_1_28' title='bbox 591 348 693 374; x_wconf 86' lang='lat' dir='ltr'>non</span> <span class='ocrx_word' id='word_1_29' title='bbox 731 333 909 373; x_wconf 87' lang='lat' dir='ltr'>femur.</span> <span class='ocrx_word' id='word_1_30' title='bbox 978 347 1245 387; x_wconf 85' lang='lat' dir='ltr'>quamquam,</span> <span class='ocrx_word' id='word_1_31' title='bbox 1279 333 1313 373; x_wconf 91' lang='lat' dir='ltr'>si</span> <span class='ocrx_word' id='word_1_32' title='bbox 1344 332 1456 386; x_wconf 79' lang='lat' dir='ltr'>licet,</span> <span class='ocrx_word' id='word_1_33' title='bbox 1489 333 1539 373; x_wconf 95' lang='lat' dir='ltr'>de</span> <span class='ocrx_word' id='word_1_34' title='bbox 1569 333 1710 374; x_wconf 88' lang='lat' dir='ltr'>fronte</span> 
     </span>
     <span class='ocr_line' id='line_1_7' title="bbox 122 399 1709 455; baseline -0.001 -13"><span class='ocrx_word' id='word_1_35' title='bbox 122 401 344 442; x_wconf 88' lang='lat' dir='ltr'>dissentio:</span> <span class='ocrx_word' id='word_1_36' title='bbox 374 416 476 442; x_wconf 85' lang='lat' dir='ltr'>nam</span> <span class='ocrx_word' id='word_1_37' title='bbox 498 401 625 442; x_wconf 88' lang='lat' dir='ltr'>etiam</span> <span class='ocrx_word' id='word_1_38' title='bbox 649 399 914 453; x_wconf 84' lang='lat' dir='ltr'>complodere</span> <span class='ocrx_word' id='word_1_39' title='bbox 944 414 1093 440; x_wconf 85' lang='lat' dir='ltr'>manus</span> <span class='ocrx_word' id='word_1_40' title='bbox 1125 400 1364 442; x_wconf 71' lang='lat' dir='ltr'>scaenicum</span> <span class='ocrx_word' id='word_1_41' title='bbox 1397 402 1460 441; x_wconf 85' lang='lat' dir='ltr'>est</span> <span class='ocrx_word' id='word_1_42' title='bbox 1491 402 1532 441; x_wconf 90' lang='lat' dir='ltr'>et</span> <span class='ocrx_word' id='word_1_43' title='bbox 1562 402 1709 455; x_wconf 91' lang='lat' dir='ltr'>peetus</span> 
     </span>
     <span class='ocr_line' id='line_1_8' title="bbox 123 467 1809 523; baseline -0.001 -13"><span class='ocrx_word' id='word_1_44' title='bbox 123 469 310 510; x_wconf 84' lang='lat' dir='ltr'>caedere.</span> <span class='ocrx_word' id='word_1_45' title='bbox 370 468 475 509; x_wconf 90' lang='lat' dir='ltr'>illud</span> <span class='ocrx_word' id='word_1_46' title='bbox 506 482 669 523; x_wconf 87' lang='lat' dir='ltr'>quoque</span> <span class='ocrx_word' id='word_1_47' title='bbox 700 482 795 508; x_wconf 86' lang='lat' dir='ltr'>raro</span> <span class='ocrx_word' id='word_1_48' title='bbox 828 467 1015 521; x_wconf 88' lang='lat' dir='ltr'>decebit,</span> <span class='ocrx_word' id='word_1_49' title='bbox 1058 482 1163 508; x_wconf 85' lang='lat' dir='ltr'>caua</span> <span class='ocrx_word' id='word_1_50' title='bbox 1199 483 1328 509; x_wconf 84' lang='lat' dir='ltr'>manu</span> <span class='ocrx_word' id='word_1_51' title='bbox 1359 468 1532 509; x_wconf 88' lang='lat' dir='ltr'>summis</span> <span class='ocrx_word' id='word_1_52' title='bbox 1564 468 1710 523; x_wconf 82' lang='lat' dir='ltr'>digitis</span> <span class='ocrx_word' id='word_1_53' title='bbox 1731 474 1809 514; x_wconf 71' lang='lat'>124</span> 
     </span>
     <span class='ocr_line' id='line_1_9' title="bbox 122 535 1708 591; baseline -0.001 -13"><span class='ocrx_word' id='word_1_54' title='bbox 122 539 268 591; x_wconf 91' lang='lat' dir='ltr'>pectus</span> <span class='ocrx_word' id='word_1_55' title='bbox 291 537 502 591; x_wconf 87' lang='lat' dir='ltr'>adpetere,</span> <span class='ocrx_word' id='word_1_56' title='bbox 536 536 571 576; x_wconf 90' lang='lat' dir='ltr'>si</span> <span class='ocrx_word' id='word_1_57' title='bbox 602 535 771 590; x_wconf 85' lang='lat' dir='ltr'>quando</span> <span class='ocrx_word' id='word_1_58' title='bbox 802 537 970 575; x_wconf 85' lang='lat' dir='ltr'>nosmet</span> <span class='ocrx_word' id='word_1_59' title='bbox 998 536 1110 589; x_wconf 87' lang='lat' dir='ltr'>ipsos</span> <span class='ocrx_word' id='word_1_60' title='bbox 1132 536 1405 590; x_wconf 88' lang='lat' dir='ltr'>adloquemur</span> <span class='ocrx_word' id='word_1_61' title='bbox 1426 535 1708 589; x_wconf 71' lang='lat' dir='ltr'>cohortantes,</span> 
     </span>
     <span class='ocr_line' id='line_1_10' title="bbox 122 603 1711 659; baseline -0.001 -14"><span class='ocrx_word' id='word_1_62' title='bbox 122 605 411 659; x_wconf 83' lang='lat' dir='ltr'>obiurgantes,</span> <span class='ocrx_word' id='word_1_63' title='bbox 445 605 716 644; x_wconf 80' lang='lat' dir='ltr'>miserantes:</span> <span class='ocrx_word' id='word_1_64' title='bbox 750 603 860 657; x_wconf 86' lang='lat' dir='ltr'>quod</span> <span class='ocrx_word' id='word_1_65' title='bbox 891 603 925 643; x_wconf 85' lang='lat' dir='ltr'>si</span> <span class='ocrx_word' id='word_1_66' title='bbox 948 604 1116 657; x_wconf 85' lang='lat' dir='ltr'>quando</span> <span class='ocrx_word' id='word_1_67' title='bbox 1145 603 1230 657; x_wconf 85' lang='lat' dir='ltr'>fiet,</span> <span class='ocrx_word' id='word_1_68' title='bbox 1264 606 1409 658; x_wconf 88' lang='lat' dir='ltr'>togam</span> <span class='ocrx_word' id='word_1_69' title='bbox 1430 618 1593 658; x_wconf 88' lang='lat' dir='ltr'>quoque</span> <span class='ocrx_word' id='word_1_70' title='bbox 1613 603 1711 644; x_wconf 88' lang='lat' dir='ltr'>inde</span> 
     </span>
     <span class='ocr_line' id='line_1_11' title="bbox 122 670 1710 724; baseline 0 -12"><span class='ocrx_word' id='word_1_71' title='bbox 122 672 326 713; x_wconf 89' lang='lat' dir='ltr'>remoueri</span> <span class='ocrx_word' id='word_1_72' title='bbox 358 686 444 712; x_wconf 88' lang='lat' dir='ltr'>non</span> <span class='ocrx_word' id='word_1_73' title='bbox 476 672 708 712; x_wconf 83' lang='lat' dir='ltr'>dedecebit.</span> <span class='ocrx_word' id='word_1_74' title='bbox 777 671 821 711; x_wconf 92' lang='lat' dir='ltr'>in</span> <span class='ocrx_word' id='word_1_75' title='bbox 860 670 1037 724; x_wconf 88' lang='lat' dir='ltr'>pedibus</span> <span class='ocrx_word' id='word_1_76' title='bbox 1076 671 1357 711; x_wconf 84' lang='lat' dir='ltr'>obseruantur</span> <span class='ocrx_word' id='word_1_77' title='bbox 1394 673 1530 712; x_wconf 82' lang='lat' dir='ltr'>status</span> <span class='ocrx_word' id='word_1_78' title='bbox 1570 673 1612 712; x_wconf 89' lang='grc'>01</span> <span class='ocrx_word' id='word_1_79' title='bbox 1649 671 1710 712; x_wconf 83' lang='grc'><strong>111-</strong></span> 
     </span>
     <span class='ocr_line' id='line_1_12' title="bbox 123 738 1711 794; baseline -0.001 -13"><span class='ocrx_word' id='word_1_80' title='bbox 123 755 276 781; x_wconf 89' lang='lat' dir='ltr'>cessus.</span> <span class='ocrx_word' id='word_1_81' title='bbox 344 740 511 794; x_wconf 86' lang='lat' dir='ltr'>prolato</span> <span class='ocrx_word' id='word_1_82' title='bbox 542 740 689 780; x_wconf 84' lang='lat' dir='ltr'>dextro</span> <span class='ocrx_word' id='word_1_83' title='bbox 721 741 834 779; x_wconf 89' lang='lat' dir='ltr'>stare</span> <span class='ocrx_word' id='word_1_84' title='bbox 867 740 909 778; x_wconf 89' lang='lat' dir='ltr'>et</span> <span class='ocrx_word' id='word_1_85' title='bbox 941 738 1116 779; x_wconf 86' lang='lat' dir='ltr'>eandem</span> <span class='ocrx_word' id='word_1_86' title='bbox 1154 754 1327 779; x_wconf 85' lang='lat' dir='ltr'>manum</span> <span class='ocrx_word' id='word_1_87' title='bbox 1360 754 1408 780; x_wconf 89' lang='lat' dir='ltr'>ac</span> <span class='ocrx_word' id='word_1_88' title='bbox 1439 739 1587 793; x_wconf 88' lang='lat' dir='ltr'>pedem</span> <span class='ocrx_word' id='word_1_89' title='bbox 1619 754 1711 793; x_wconf 89' lang='lat' dir='ltr'>pro-</span> 
     </span>
     <span class='ocr_line' id='line_1_13' title="bbox 123 806 1810 861; baseline -0.001 -13"><span class='ocrx_word' id='word_1_90' title='bbox 123 808 234 849; x_wconf 86' lang='lat' dir='ltr'>ferre</span> <span class='ocrx_word' id='word_1_91' title='bbox 272 807 458 848; x_wconf 86' lang='lat' dir='ltr'>deforme</span> <span class='ocrx_word' id='word_1_92' title='bbox 498 809 572 848; x_wconf 90' lang='lat' dir='ltr'>est.</span> <span class='ocrx_word' id='word_1_93' title='bbox 642 807 687 851; x_wconf 85' lang='lat' dir='ltr'>in</span> <span class='ocrx_word' id='word_1_94' title='bbox 726 806 919 847; x_wconf 82' lang='lat' dir='ltr'>dextrum</span> <span class='ocrx_word' id='word_1_95' title='bbox 958 806 1202 846; x_wconf 83' lang='lat' dir='ltr'>incumbere</span> <span class='ocrx_word' id='word_1_96' title='bbox 1241 807 1411 847; x_wconf 86' lang='lat' dir='ltr'>interim</span> <span class='ocrx_word' id='word_1_97' title='bbox 1449 807 1590 861; x_wconf 84' lang='lat' dir='ltr'>datur,</span> <span class='ocrx_word' id='word_1_98' title='bbox 1640 807 1711 847; x_wconf 91' lang='lat' dir='ltr'>sed</span> <span class='ocrx_word' id='word_1_99' title='bbox 1732 813 1810 854; x_wconf 73' lang='lat'>125</span> 
     </span>
     <span class='ocr_line' id='line_1_14' title="bbox 123 873 1710 930; baseline 0 -14"><span class='ocrx_word' id='word_1_100' title='bbox 123 890 256 930; x_wconf 86' lang='lat' dir='ltr'>aequo</span> <span class='ocrx_word' id='word_1_101' title='bbox 287 877 469 929; x_wconf 78' lang='lat' dir='ltr'>pectore,</span> <span class='ocrx_word' id='word_1_102' title='bbox 508 874 579 928; x_wconf 91' lang='lat' dir='ltr'>qui</span> <span class='ocrx_word' id='word_1_103' title='bbox 610 877 754 915; x_wconf 85' lang='lat' dir='ltr'>tamen</span> <span class='ocrx_word' id='word_1_104' title='bbox 788 873 971 914; x_wconf 86' lang='lat' dir='ltr'>comicus</span> <span class='ocrx_word' id='word_1_105' title='bbox 1002 874 1138 928; x_wconf 87' lang='lat' dir='ltr'>magis</span> <span class='ocrx_word' id='word_1_106' title='bbox 1169 889 1295 928; x_wconf 87' lang='lat' dir='ltr'>quam</span> <span class='ocrx_word' id='word_1_107' title='bbox 1326 875 1534 915; x_wconf 87' lang='lat' dir='ltr'>oratorius</span> <span class='ocrx_word' id='word_1_108' title='bbox 1566 877 1710 929; x_wconf 86' lang='lat' dir='ltr'>gestus</span> 
     </span>
     <span class='ocr_line' id='line_1_15' title="bbox 123 941 1714 995; baseline -0.001 -11"><span class='ocrx_word' id='word_1_109' title='bbox 123 946 200 984; x_wconf 92' lang='lat' dir='ltr'>est.</span> <span class='ocrx_word' id='word_1_110' title='bbox 268 943 379 984; x_wconf 84' lang='lat' dir='ltr'>male</span> <span class='ocrx_word' id='word_1_111' title='bbox 427 943 555 983; x_wconf 90' lang='lat' dir='ltr'>etiam</span> <span class='ocrx_word' id='word_1_112' title='bbox 593 942 637 982; x_wconf 88' lang='lat' dir='ltr'>in</span> <span class='ocrx_word' id='word_1_113' title='bbox 677 942 895 982; x_wconf 86' lang='lat' dir='ltr'>sinistrum</span> <span class='ocrx_word' id='word_1_114' title='bbox 935 941 1084 995; x_wconf 86' lang='lat' dir='ltr'>pedem</span> <span class='ocrx_word' id='word_1_115' title='bbox 1122 941 1410 982; x_wconf 84' lang='lat' dir='ltr'>insistentium</span> <span class='ocrx_word' id='word_1_116' title='bbox 1457 942 1603 983; x_wconf 78' lang='lat' dir='ltr'>dexter</span> <span class='ocrx_word' id='word_1_117' title='bbox 1641 946 1714 983; x_wconf 86' lang='lat' dir='ltr'>aut</span> 
     </span>
     <span class='ocr_line' id='line_1_16' title="bbox 122 1008 1713 1064; baseline 0 -13"><span class='ocrx_word' id='word_1_118' title='bbox 122 1011 286 1051; x_wconf 89' lang='lat' dir='ltr'>tollitur</span> <span class='ocrx_word' id='word_1_119' title='bbox 318 1013 391 1051; x_wconf 88' lang='lat' dir='ltr'>aut</span> <span class='ocrx_word' id='word_1_120' title='bbox 421 1010 594 1050; x_wconf 86' lang='lat' dir='ltr'>summis</span> <span class='ocrx_word' id='word_1_121' title='bbox 627 1009 771 1063; x_wconf 79' lang='lat' dir='ltr'>digitis</span> <span class='ocrx_word' id='word_1_122' title='bbox 801 1008 1087 1062; x_wconf 87' lang='lat' dir='ltr'>suspenditur.</span> <span class='ocrx_word' id='word_1_123' title='bbox 1157 1010 1347 1050; x_wconf 82' lang='lat' dir='ltr'>uaricare</span> <span class='ocrx_word' id='word_1_124' title='bbox 1386 1024 1513 1064; x_wconf 90' lang='lat' dir='ltr'>supra</span> <span class='ocrx_word' id='word_1_125' title='bbox 1543 1011 1713 1051; x_wconf 77' lang='lat' dir='ltr'>niodum</span> 
     </span>
     <span class='ocr_line' id='line_1_17' title="bbox 123 1076 1711 1131; baseline 0 -11"><span class='ocrx_word' id='word_1_126' title='bbox 123 1079 238 1120; x_wconf 88' lang='lat' dir='ltr'>etin</span> <span class='ocrx_word' id='word_1_127' title='bbox 278 1078 430 1119; x_wconf 85' lang='lat' dir='ltr'>stando</span> <span class='ocrx_word' id='word_1_128' title='bbox 469 1077 656 1118; x_wconf 85' lang='lat' dir='ltr'>deforme</span> <span class='ocrx_word' id='word_1_129' title='bbox 697 1079 761 1117; x_wconf 90' lang='lat' dir='ltr'>est</span> <span class='ocrx_word' id='word_1_130' title='bbox 797 1078 839 1117; x_wconf 92' lang='lat' dir='ltr'>et</span> <span class='ocrx_word' id='word_1_131' title='bbox 878 1076 1107 1117; x_wconf 80' lang='lat' dir='ltr'>accedente</span> <span class='ocrx_word' id='word_1_132' title='bbox 1147 1079 1261 1118; x_wconf 87' lang='lat' dir='ltr'>motu</span> <span class='ocrx_word' id='word_1_133' title='bbox 1300 1092 1431 1131; x_wconf 83' lang='lat' dir='ltr'>prope</span> <span class='ocrx_word' id='word_1_134' title='bbox 1470 1078 1711 1120; x_wconf 85' lang='lat' dir='ltr'>obscenum.</span> 
     </span>
    </p>
   </div>
   <div class='ocr_carea' id='block_1_5' title="bbox 90 1144 1812 1201">
    <p class='ocr_par' dir='ltr' id='par_1_5' title="bbox 90 1144 1812 1201">
     <span class='ocr_line' id='line_1_18' title="bbox 90 1144 1812 1201; baseline -0.001 -14"><span class='ocrx_word' id='word_1_135' title='bbox 90 1161 103 1183; x_wconf 71' lang='lat'>,3</span> <span class='ocrx_word' id='word_1_136' title='bbox 122 1146 340 1201; x_wconf 88' lang='lat' dir='ltr'>procursio</span> <span class='ocrx_word' id='word_1_137' title='bbox 378 1147 617 1200; x_wconf 87' lang='lat' dir='ltr'>opportuna</span> <span class='ocrx_word' id='word_1_138' title='bbox 655 1145 818 1198; x_wconf 90' lang='lat' dir='ltr'>breuis,</span> <span class='ocrx_word' id='word_1_139' title='bbox 865 1144 1104 1198; x_wconf 85' lang='lat' dir='ltr'>moderata,</span> <span class='ocrx_word' id='word_1_140' title='bbox 1146 1159 1254 1186; x_wconf 86' lang='lat' dir='ltr'>rara.</span> <span class='ocrx_word' id='word_1_141' title='bbox 1325 1146 1548 1186; x_wconf 83' lang='lat' dir='ltr'>conueniet</span> <span class='ocrx_word' id='word_1_142' title='bbox 1586 1147 1713 1186; x_wconf 87' lang='lat' dir='ltr'>etiam</span> <span class='ocrx_word' id='word_1_143' title='bbox 1732 1153 1812 1195; x_wconf 74' lang='lat'>126</span> 
     </span>
    </p>
   </div>
   <div class='ocr_carea' id='block_1_6' title="bbox 122 1212 1810 1809">
    <p class='ocr_par' dir='ltr' id='par_1_6' title="bbox 122 1212 1810 1809">
     <span class='ocr_line' id='line_1_19' title="bbox 122 1212 1712 1268; baseline 0 -14"><span class='ocrx_word' id='word_1_144' title='bbox 122 1213 352 1254; x_wconf 77' lang='lat' dir='ltr'>ambulatio</span> <span class='ocrx_word' id='word_1_145' title='bbox 384 1213 589 1267; x_wconf 81' lang='lat' dir='ltr'>quaedam</span> <span class='ocrx_word' id='word_1_146' title='bbox 612 1214 786 1266; x_wconf 88' lang='lat' dir='ltr'>propter</span> <span class='ocrx_word' id='word_1_147' title='bbox 807 1212 1051 1252; x_wconf 83' lang='lat' dir='ltr'>immodicas</span> <span class='ocrx_word' id='word_1_148' title='bbox 1073 1212 1364 1253; x_wconf 84' lang='lat' dir='ltr'>laudationum</span> <span class='ocrx_word' id='word_1_149' title='bbox 1385 1228 1537 1268; x_wconf 85' lang='lat' dir='ltr'>moras,</span> <span class='ocrx_word' id='word_1_150' title='bbox 1571 1229 1712 1268; x_wconf 88' lang='lat' dir='ltr'>quam-</span> 
     </span>
     <span class='ocr_line' id='line_1_20' title="bbox 122 1280 1712 1336; baseline 0 -14"><span class='ocrx_word' id='word_1_151' title='bbox 122 1296 247 1336; x_wconf 87' lang='lat' dir='ltr'>quam</span> <span class='ocrx_word' id='word_1_152' title='bbox 281 1282 427 1323; x_wconf 71' lang='lat' dir='ltr'>Cicero</span> <span class='ocrx_word' id='word_1_153' title='bbox 458 1295 599 1321; x_wconf 86' lang='lat' dir='ltr'>rarum</span> <span class='ocrx_word' id='word_1_154' title='bbox 631 1281 842 1320; x_wconf 83' lang='lat' dir='ltr'>incessum</span> <span class='ocrx_word' id='word_1_155' title='bbox 875 1294 1011 1334; x_wconf 86' lang='lat' dir='ltr'>neque</span> <span class='ocrx_word' id='word_1_156' title='bbox 1043 1281 1103 1320; x_wconf 91' lang='lat' dir='ltr'>ita</span> <span class='ocrx_word' id='word_1_157' title='bbox 1135 1280 1308 1335; x_wconf 89' lang='lat' dir='ltr'>longum</span> <span class='ocrx_word' id='word_1_158' title='bbox 1340 1281 1504 1334; x_wconf 87' lang='lat' dir='ltr'>probat.</span> <span class='ocrx_word' id='word_1_159' title='bbox 1557 1282 1712 1322; x_wconf 81' lang='lat' dir='ltr'>discur—</span> 
     </span>
     <span class='ocr_line' id='line_1_21' title="bbox 122 1347 1713 1403; baseline 0 -14"><span class='ocrx_word' id='word_1_160' title='bbox 122 1364 214 1390; x_wconf 85' lang='lat' dir='ltr'>sare</span> <span class='ocrx_word' id='word_1_161' title='bbox 236 1363 336 1389; x_wconf 86' lang='lat' dir='ltr'>uero</span> <span class='ocrx_word' id='word_1_162' title='bbox 358 1351 413 1402; x_wconf 87' lang='lat' dir='ltr'>et,</span> <span class='ocrx_word' id='word_1_163' title='bbox 446 1349 555 1402; x_wconf 87' lang='lat' dir='ltr'>quod</span> <span class='ocrx_word' id='word_1_164' title='bbox 578 1348 788 1388; x_wconf 78' lang='lat' dir='ltr'>Domitius</span> <span class='ocrx_word' id='word_1_165' title='bbox 812 1347 916 1387; x_wconf 80' lang='lat' dir='ltr'>Afer</span> <span class='ocrx_word' id='word_1_166' title='bbox 937 1348 987 1388; x_wconf 92' lang='lat' dir='ltr'>de</span> <span class='ocrx_word' id='word_1_167' title='bbox 1007 1347 1112 1388; x_wconf 68' lang='lat' dir='ltr'>Sura</span> <span class='ocrx_word' id='word_1_168' title='bbox 1134 1348 1292 1388; x_wconf 87' lang='lat' dir='ltr'>Manlio</span> <span class='ocrx_word' id='word_1_169' title='bbox 1314 1348 1432 1402; x_wconf 82' lang='lat' dir='ltr'>dixit,</span> <span class='ocrx_word' id='word_1_170' title='bbox 1467 1351 1650 1403; x_wconf 78' lang='lat' dir='ltr'>satage</span> <span class='ocrx_word' id='word_1_171' title='bbox 1664 1364 1713 1389; x_wconf 91' lang='lat' dir='ltr'>re</span> 
     </span>
     <span class='ocr_line' id='line_1_22' title="bbox 122 1415 1712 1471; baseline 0 -14"><span class='ocrx_word' id='word_1_172' title='bbox 122 1417 456 1471; x_wconf 85' lang='lat' dir='ltr'>ineptissimum:</span> <span class='ocrx_word' id='word_1_173' title='bbox 496 1416 741 1469; x_wconf 80' lang='lat' dir='ltr'>urbaneque</span> <span class='ocrx_word' id='word_1_174' title='bbox 773 1415 927 1455; x_wconf 80' lang='lat' dir='ltr'>Flauus</span> <span class='ocrx_word' id='word_1_175' title='bbox 960 1415 1191 1470; x_wconf 77' lang='lat' dir='ltr'>Verginius</span> <span class='ocrx_word' id='word_1_176' title='bbox 1222 1416 1504 1470; x_wconf 86' lang='lat' dir='ltr'>interrogauit</span> <span class='ocrx_word' id='word_1_177' title='bbox 1535 1416 1585 1457; x_wconf 93' lang='lat' dir='ltr'>de</span> <span class='ocrx_word' id='word_1_178' title='bbox 1616 1431 1712 1471; x_wconf 88' lang='lat' dir='ltr'>quo-</span> 
     </span>
     <span class='ocr_line' id='line_1_23' title="bbox 124 1483 1714 1538; baseline -0.001 -13"><span class='ocrx_word' id='word_1_179' title='bbox 124 1485 221 1525; x_wconf 88' lang='lat' dir='ltr'>dam</span> <span class='ocrx_word' id='word_1_180' title='bbox 252 1499 325 1525; x_wconf 87' lang='lat' dir='ltr'>suo</span> <span class='ocrx_word' id='word_1_181' title='bbox 358 1484 653 1538; x_wconf 86' lang='lat' dir='ltr'>antisophiste,</span> <span class='ocrx_word' id='word_1_182' title='bbox 675 1535 677 1537; x_wconf 23' lang='grc'><strong>,</strong></span> <span class='ocrx_word' id='word_1_183' title='bbox 698 1486 822 1537; x_wconf 87' lang='grc'><strong>(11101</strong></span> <span class='ocrx_word' id='word_1_184' title='bbox 860 1483 1007 1523; x_wconf 79' lang='lat' dir='ltr'>inilia</span> <span class='ocrx_word' id='word_1_185' title='bbox 1044 1498 1287 1537; x_wconf 82' lang='lat' dir='ltr'>passuum</span> <span class='ocrx_word' id='word_1_186' title='bbox 1327 1484 1714 1525; x_wconf 76' lang='lat' dir='ltr'>declamasset?</span> 
     </span>
     <span class='ocr_line' id='line_1_24' title="bbox 123 1551 1810 1607; baseline -0.001 -14"><span class='ocrx_word' id='word_1_187' title='bbox 123 1553 312 1607; x_wconf 84' lang='lat' dir='ltr'>praecipi</span> <span class='ocrx_word' id='word_1_188' title='bbox 345 1555 385 1592; x_wconf 92' lang='lat' dir='ltr'>et</span> <span class='ocrx_word' id='word_1_189' title='bbox 415 1552 519 1592; x_wconf 91' lang='lat' dir='ltr'>illud</span> <span class='ocrx_word' id='word_1_190' title='bbox 550 1552 649 1604; x_wconf 87' lang='lat' dir='ltr'>scio,</span> <span class='ocrx_word' id='word_1_191' title='bbox 683 1566 736 1591; x_wconf 90' lang='lat' dir='ltr'>ne</span> <span class='ocrx_word' id='word_1_192' title='bbox 769 1551 1035 1591; x_wconf 85' lang='lat' dir='ltr'>ambulantes</span> <span class='ocrx_word' id='word_1_193' title='bbox 1068 1554 1311 1591; x_wconf 79' lang='lat' dir='ltr'>auertainur</span> <span class='ocrx_word' id='word_1_194' title='bbox 1342 1566 1365 1591; x_wconf 93' lang='lat' dir='ltr'>a</span> <span class='ocrx_word' id='word_1_195' title='bbox 1385 1551 1607 1605; x_wconf 85' lang='lat' dir='ltr'>iudicibus,</span> <span class='ocrx_word' id='word_1_196' title='bbox 1641 1552 1713 1592; x_wconf 90' lang='lat' dir='ltr'>sed</span> <span class='ocrx_word' id='word_1_197' title='bbox 1734 1557 1810 1598; x_wconf 75' lang='grc'>127</span> 
     </span>
     <span class='ocr_line' id='line_1_25' title="bbox 123 1619 1712 1674; baseline 0 -14"><span class='ocrx_word' id='word_1_198' title='bbox 123 1621 211 1661; x_wconf 88' lang='lat' dir='ltr'>sint</span> <span class='ocrx_word' id='word_1_199' title='bbox 251 1619 411 1674; x_wconf 86' lang='lat' dir='ltr'>obliqui</span> <span class='ocrx_word' id='word_1_200' title='bbox 449 1620 577 1673; x_wconf 90' lang='lat' dir='ltr'>pedes</span> <span class='ocrx_word' id='word_1_201' title='bbox 616 1619 667 1659; x_wconf 91' lang='lat' dir='ltr'>ad</span> <span class='ocrx_word' id='word_1_202' title='bbox 709 1619 929 1659; x_wconf 87' lang='lat' dir='ltr'>consilium</span> <span class='ocrx_word' id='word_1_203' title='bbox 968 1619 1089 1659; x_wconf 87' lang='lat' dir='ltr'>nobis</span> <span class='ocrx_word' id='word_1_204' title='bbox 1135 1619 1473 1672; x_wconf 83' lang='lat' dir='ltr'>respicientibus.</span> <span class='ocrx_word' id='word_1_205' title='bbox 1543 1620 1585 1660; x_wconf 91' lang='lat' dir='ltr'>id</span> <span class='ocrx_word' id='word_1_206' title='bbox 1622 1620 1712 1660; x_wconf 87' lang='lat' dir='ltr'>fieri</span> 
     </span>
     <span class='ocr_line' id='line_1_26' title="bbox 123 1687 1712 1742; baseline 0.001 -15"><span class='ocrx_word' id='word_1_207' title='bbox 123 1688 289 1728; x_wconf 82' lang='lat' dir='ltr'>iudiciis</span> <span class='ocrx_word' id='word_1_208' title='bbox 321 1687 499 1741; x_wconf 83' lang='lat' dir='ltr'>priuatis</span> <span class='ocrx_word' id='word_1_209' title='bbox 531 1702 617 1727; x_wconf 89' lang='lat' dir='ltr'>non</span> <span class='ocrx_word' id='word_1_210' title='bbox 648 1689 810 1741; x_wconf 85' lang='lat' dir='ltr'>potest,</span> <span class='ocrx_word' id='word_1_211' title='bbox 853 1701 998 1727; x_wconf 85' lang='lat' dir='ltr'>uerum</span> <span class='ocrx_word' id='word_1_212' title='bbox 1040 1689 1081 1727; x_wconf 90' lang='lat' dir='ltr'>et</span> <span class='ocrx_word' id='word_1_213' title='bbox 1111 1687 1305 1727; x_wconf 86' lang='lat' dir='ltr'>breuiora</span> <span class='ocrx_word' id='word_1_214' title='bbox 1336 1694 1436 1727; x_wconf 83' lang='lat' dir='ltr'>sunt</span> <span class='ocrx_word' id='word_1_215' title='bbox 1467 1687 1604 1742; x_wconf 84' lang='lat' dir='ltr'>spatia</span> <span class='ocrx_word' id='word_1_216' title='bbox 1633 1702 1712 1728; x_wconf 84' lang='lat' dir='ltr'>nee</span> 
     </span>
     <span class='ocr_line' id='line_1_27' title="bbox 124 1754 1712 1809; baseline 0 -14"><span class='ocrx_word' id='word_1_217' title='bbox 124 1755 261 1796; x_wconf 88' lang='lat' dir='ltr'>auersi</span> <span class='ocrx_word' id='word_1_218' title='bbox 292 1755 362 1796; x_wconf 91' lang='lat' dir='ltr'>diu</span> <span class='ocrx_word' id='word_1_219' title='bbox 394 1770 549 1795; x_wconf 89' lang='lat' dir='ltr'>sumus.</span> <span class='ocrx_word' id='word_1_220' title='bbox 591 1755 762 1795; x_wconf 86' lang='lat' dir='ltr'>interim</span> <span class='ocrx_word' id='word_1_221' title='bbox 794 1758 937 1795; x_wconf 90' lang='lat' dir='ltr'>tamen</span> <span class='ocrx_word' id='word_1_222' title='bbox 969 1755 1162 1794; x_wconf 83' lang='lat' dir='ltr'>recedere</span> <span class='ocrx_word' id='word_1_223' title='bbox 1184 1754 1339 1794; x_wconf 85' lang='lat' dir='ltr'>sensim</span> <span class='ocrx_word' id='word_1_224' title='bbox 1363 1755 1497 1795; x_wconf 87' lang='lat' dir='ltr'>datur.</span> <span class='ocrx_word' id='word_1_225' title='bbox 1544 1755 1712 1809; x_wconf 85' lang='lat' dir='ltr'>quidam</span> 
     </span>
    </p>
   </div>
   <div class='ocr_carea' id='block_1_7' title="bbox 72 1822 1811 1876">
    <p class='ocr_par' dir='ltr' id='par_1_7' title="bbox 72 1822 1811 1876">
     <span class='ocr_line' id='line_1_28' title="bbox 72 1822 1811 1876; baseline 0.001 -14"><span class='ocrx_word' id='word_1_226' title='bbox 72 1838 104 1862; x_wconf 58' lang='grc' dir='ltr'>εἴ,</span> <span class='ocrx_word' id='word_1_227' title='bbox 124 1825 166 1863; x_wconf 83' lang='grc'>01</span> <span class='ocrx_word' id='word_1_228' title='bbox 196 1823 412 1876; x_wconf 89' lang='lat' dir='ltr'>resiliunt,</span> <span class='ocrx_word' id='word_1_229' title='bbox 453 1823 561 1876; x_wconf 87' lang='lat' dir='ltr'>quod</span> <span class='ocrx_word' id='word_1_230' title='bbox 594 1824 657 1862; x_wconf 84' lang='lat' dir='ltr'>est</span> <span class='ocrx_word' id='word_1_231' title='bbox 687 1823 814 1876; x_wconf 88' lang='lat' dir='ltr'>plane</span> <span class='ocrx_word' id='word_1_232' title='bbox 845 1822 1081 1863; x_wconf 87' lang='lat' dir='ltr'>ridiculum.</span> <span class='ocrx_word' id='word_1_233' title='bbox 1151 1822 1268 1875; x_wconf 80' lang='lat' dir='ltr'>pedis</span> <span class='ocrx_word' id='word_1_234' title='bbox 1301 1822 1513 1876; x_wconf 86' lang='lat' dir='ltr'>supplosio</span> <span class='ocrx_word' id='word_1_235' title='bbox 1546 1825 1591 1863; x_wconf 88' lang='lat' dir='ltr'>ut</span> <span class='ocrx_word' id='word_1_236' title='bbox 1621 1823 1811 1868; x_wconf 73' lang='grc'><strong>1000128</strong></span> 
     </span>
    </p>
   </div>
   <div class='ocr_carea' id='block_1_8' title="bbox 123 1889 1737 2147">
    <p class='ocr_par' dir='ltr' id='par_1_8' title="bbox 123 1889 1737 2147">
     <span class='ocr_line' id='line_1_29' title="bbox 124 1889 1713 1945; baseline 0 -14"><span class='ocrx_word' id='word_1_237' title='bbox 124 1893 188 1931; x_wconf 88' lang='lat' dir='ltr'>est</span> <span class='ocrx_word' id='word_1_238' title='bbox 218 1893 479 1945; x_wconf 86' lang='lat' dir='ltr'>opportuna,</span> <span class='ocrx_word' id='word_1_239' title='bbox 520 1893 567 1930; x_wconf 90' lang='lat' dir='ltr'>ut</span> <span class='ocrx_word' id='word_1_240' title='bbox 599 1891 659 1930; x_wconf 90' lang='lat' dir='ltr'>ait</span> <span class='ocrx_word' id='word_1_241' title='bbox 690 1890 858 1943; x_wconf 76' lang='lat' dir='ltr'>Cicero,</span> <span class='ocrx_word' id='word_1_242' title='bbox 900 1890 944 1930; x_wconf 88' lang='lat' dir='ltr'>in</span> <span class='ocrx_word' id='word_1_243' title='bbox 978 1889 1322 1930; x_wconf 83' lang='lat' dir='ltr'>contentionibus</span> <span class='ocrx_word' id='word_1_244' title='bbox 1356 1892 1428 1930; x_wconf 89' lang='lat' dir='ltr'>aut</span> <span class='ocrx_word' id='word_1_245' title='bbox 1458 1890 1713 1944; x_wconf 82' lang='lat' dir='ltr'>incipiendis</span> 
     </span>
     <span class='ocr_line' id='line_1_30' title="bbox 124 1956 1713 2012; baseline 0 -13"><span class='ocrx_word' id='word_1_246' title='bbox 124 1961 198 1999; x_wconf 86' lang='lat' dir='ltr'>aut</span> <span class='ocrx_word' id='word_1_247' title='bbox 228 1958 439 2012; x_wconf 88' lang='lat' dir='ltr'>finiendis,</span> <span class='ocrx_word' id='word_1_248' title='bbox 473 1958 532 1998; x_wconf 89' lang='lat' dir='ltr'>ita</span> <span class='ocrx_word' id='word_1_249' title='bbox 565 1958 711 1998; x_wconf 88' lang='lat' dir='ltr'>crebra</span> <span class='ocrx_word' id='word_1_250' title='bbox 743 1960 784 1997; x_wconf 94' lang='lat' dir='ltr'>et</span> <span class='ocrx_word' id='word_1_251' title='bbox 814 1957 949 2011; x_wconf 84' lang='lat' dir='ltr'>inepti</span> <span class='ocrx_word' id='word_1_252' title='bbox 982 1959 1045 1997; x_wconf 90' lang='lat' dir='ltr'>est</span> <span class='ocrx_word' id='word_1_253' title='bbox 1076 1956 1259 1997; x_wconf 89' lang='lat' dir='ltr'>hominis</span> <span class='ocrx_word' id='word_1_254' title='bbox 1292 1960 1334 1997; x_wconf 88' lang='lat' dir='ltr'>et</span> <span class='ocrx_word' id='word_1_255' title='bbox 1356 1957 1511 1998; x_wconf 90' lang='lat' dir='ltr'>desinit</span> <span class='ocrx_word' id='word_1_256' title='bbox 1532 1958 1713 1999; x_wconf 89' lang='lat' dir='ltr'>iudicem</span> 
     </span>
     <span class='ocr_line' id='line_1_31' title="bbox 123 2024 1712 2067; baseline 0.001 -2"><span class='ocrx_word' id='word_1_257' title='bbox 123 2025 167 2066; x_wconf 90' lang='lat' dir='ltr'>in</span> <span class='ocrx_word' id='word_1_258' title='bbox 198 2040 241 2066; x_wconf 92' lang='lat' dir='ltr'>se</span> <span class='ocrx_word' id='word_1_259' title='bbox 281 2029 540 2067; x_wconf 88' lang='lat' dir='ltr'>conuertere.</span> <span class='ocrx_word' id='word_1_260' title='bbox 609 2028 672 2066; x_wconf 85' lang='lat' dir='ltr'>est</span> <span class='ocrx_word' id='word_1_261' title='bbox 709 2028 750 2066; x_wconf 89' lang='lat' dir='ltr'>et</span> <span class='ocrx_word' id='word_1_262' title='bbox 788 2025 861 2065; x_wconf 83' lang='lat' dir='ltr'>illa</span> <span class='ocrx_word' id='word_1_263' title='bbox 900 2024 1098 2065; x_wconf 87' lang='lat' dir='ltr'>indecora</span> <span class='ocrx_word' id='word_1_264' title='bbox 1138 2025 1182 2064; x_wconf 90' lang='lat' dir='ltr'>in</span> <span class='ocrx_word' id='word_1_265' title='bbox 1223 2025 1417 2066; x_wconf 83' lang='lat' dir='ltr'>dextrum</span> <span class='ocrx_word' id='word_1_266' title='bbox 1458 2040 1507 2066; x_wconf 86' lang='lat' dir='ltr'>ac</span> <span class='ocrx_word' id='word_1_267' title='bbox 1545 2026 1712 2066; x_wconf 89' lang='lat' dir='ltr'>laeuum</span> 
     </span>
     <span class='ocr_line' id='line_1_32' title="bbox 124 2092 1737 2147; baseline 0 -13"><span class='ocrx_word' id='word_1_268' title='bbox 124 2094 235 2134; x_wconf 87' lang='lat' dir='ltr'>latus</span> <span class='ocrx_word' id='word_1_269' title='bbox 258 2094 472 2135; x_wconf 86' lang='lat' dir='ltr'>uacillatio</span> <span class='ocrx_word' id='word_1_270' title='bbox 495 2093 669 2134; x_wconf 85' lang='lat' dir='ltr'>alternis</span> <span class='ocrx_word' id='word_1_271' title='bbox 692 2093 869 2147; x_wconf 81' lang='lat' dir='ltr'>pedibus</span> <span class='ocrx_word' id='word_1_272' title='bbox 893 2092 1195 2133; x_wconf 84' lang='lat' dir='ltr'>insistentium.</span> <span class='ocrx_word' id='word_1_273' title='bbox 1240 2093 1487 2145; x_wconf 77' lang='lat' dir='ltr'>longissime</span> <span class='ocrx_word' id='word_1_274' title='bbox 1508 2094 1737 2147; x_wconf 56' lang='lat' dir='ltr'>fugienda&gt;</span> 
     </span>
    </p>
   </div>
   <div class='ocr_carea' id='block_1_9' title="bbox 214 2243 1590 2284">
    <p class='ocr_par' dir='ltr' id='par_1_9' title="bbox 214 2243 1590 2284">
     <span class='ocr_line' id='line_1_33' title="bbox 214 2243 1590 2284; baseline -0.001 -8"><span class='ocrx_word' id='word_1_275' title='bbox 214 2246 245 2278; x_wconf 70' lang='lat'>2.</span> <span class='ocrx_word' id='word_1_276' title='bbox 273 2245 374 2277; x_wconf 85' lang='lat' dir='ltr'>Brut.</span> <span class='ocrx_word' id='word_1_277' title='bbox 399 2246 454 2284; x_wconf 65' lang='grc'>50,</span> <span class='ocrx_word' id='word_1_278' title='bbox 480 2245 556 2275; x_wconf 72' lang='lat'>278.</span> <span class='ocrx_word' id='word_1_279' title='bbox 654 2244 705 2274; x_wconf 84' lang='lat'>17.</span> <span class='ocrx_word' id='word_1_280' title='bbox 733 2244 833 2275; x_wconf 65' lang='lat' dir='ltr'>Omt.</span> <span class='ocrx_word' id='word_1_281' title='bbox 863 2244 914 2283; x_wconf 77' lang='lat'>18,</span> <span class='ocrx_word' id='word_1_282' title='bbox 942 2244 994 2273; x_wconf 75' lang='lat'>59.</span> <span class='ocrx_word' id='word_1_283' title='bbox 1097 2244 1149 2273; x_wconf 66' lang='lat'>20.</span> <span class='ocrx_word' id='word_1_284' title='bbox 1175 2243 1217 2274; x_wconf 81' lang='lat' dir='ltr'>de</span> <span class='ocrx_word' id='word_1_285' title='bbox 1245 2246 1346 2276; x_wconf 66' lang='grc'><strong>01111.</strong></span> <span class='ocrx_word' id='word_1_286' title='bbox 1374 2244 1405 2283; x_wconf 81' lang='lat'>3,</span> <span class='ocrx_word' id='word_1_287' title='bbox 1432 2244 1485 2282; x_wconf 81' lang='lat'>59,</span> <span class='ocrx_word' id='word_1_288' title='bbox 1513 2245 1590 2275; x_wconf 75' lang='lat'>220.</span> 
     </span>
    </p>
   </div>
   <div class='ocr_carea' id='block_1_10' title="bbox 124 2378 1712 2961">
    <p class='ocr_par' dir='ltr' id='par_1_10' title="bbox 124 2378 1712 2961">
     <span class='ocr_line' id='line_1_34' title="bbox 217 2378 1709 2420; baseline 0 -10"><span class='ocrx_word' id='word_1_289' title='bbox 217 2382 231 2410; x_wconf 84' lang='lat'>1</span> <span class='ocrx_word' id='word_1_290' title='bbox 260 2379 415 2411; x_wconf 78' lang='lat' dir='ltr'>traditur</span> <span class='ocrx_word' id='word_1_291' title='bbox 440 2379 582 2410; x_wconf 68' lang='lat' dir='ltr'>malebas</span> <span class='ocrx_word' id='word_1_292' title='bbox 599 2378 765 2420; x_wconf 69' lang='lat' dir='ltr'>›S&#39;paldz&#39;ny</span> <span class='ocrx_word' id='word_1_293' title='bbox 858 2378 949 2410; x_wconf 88' lang='lat' dir='ltr'>deon</span> <span class='ocrx_word' id='word_1_294' title='bbox 978 2382 1033 2409; x_wconf 73' lang='lat' dir='ltr'>est</span> <span class='ocrx_word' id='word_1_295' title='bbox 1058 2379 1229 2410; x_wconf 80' lang='lat' dir='ltr'>usitatum</span> <span class='ocrx_word' id='word_1_296' title='bbox 1258 2382 1293 2409; x_wconf 88' lang='lat' dir='ltr'>et</span> <span class='ocrx_word' id='word_1_297' title='bbox 1310 2379 1329 2408; x_wconf 95' lang='lat' dir='ltr'>b</span> <span class='ocrx_word' id='word_1_298' title='bbox 1424 2379 1659 2419; x_wconf 79' lang='lat' dir='ltr'>indignantes</span> <span class='ocrx_word' id='word_1_299' title='bbox 1677 2379 1709 2419; x_wconf 90' lang='lat' dir='ltr'>b,</span> 
     </span>
     <span class='ocr_line' id='line_1_35' title="bbox 126 2422 1711 2466; baseline 0 -11"><span class='ocrx_word' id='word_1_300' title='bbox 126 2424 338 2466; x_wconf 77' lang='lat' dir='ltr'>indignatus</span> <span class='ocrx_word' id='word_1_301' title='bbox 363 2425 432 2455; x_wconf 88' lang='grc' dir='ltr'>ΒΜ</span> <span class='ocrx_word' id='word_1_302' title='bbox 527 2428 561 2455; x_wconf 85' lang='lat' dir='ltr'>et</span> <span class='ocrx_word' id='word_1_303' title='bbox 586 2435 646 2455; x_wconf 83' lang='lat' dir='ltr'>om.</span> <span class='ocrx_word' id='word_1_304' title='bbox 671 2425 691 2453; x_wconf 95' lang='lat' dir='ltr'>b</span> <span class='ocrx_word' id='word_1_305' title='bbox 785 2426 803 2454; x_wconf 73' lang='lat'><strong>2</strong></span> <span class='ocrx_word' id='word_1_306' title='bbox 829 2422 916 2465; x_wconf 73' lang='lat' dir='ltr'>non]</span> <span class='ocrx_word' id='word_1_307' title='bbox 946 2429 980 2455; x_wconf 85' lang='lat' dir='ltr'>et</span> <span class='ocrx_word' id='word_1_308' title='bbox 1004 2425 1024 2454; x_wconf 93' lang='lat' dir='ltr'>b</span> <span class='ocrx_word' id='word_1_309' title='bbox 1118 2426 1137 2455; x_wconf 83' lang='lat'>3</span> <span class='ocrx_word' id='word_1_310' title='bbox 1162 2424 1305 2454; x_wconf 80' lang='lat' dir='ltr'>scilicet</span> <span class='ocrx_word' id='word_1_311' title='bbox 1330 2425 1365 2453; x_wconf 88' lang='lat' dir='ltr'>M</span> <span class='ocrx_word' id='word_1_312' title='bbox 1456 2426 1475 2455; x_wconf 88' lang='lat'>4</span> <span class='ocrx_word' id='word_1_313' title='bbox 1502 2426 1711 2455; x_wconf 84' lang='lat' dir='ltr'>scaenicum</span> 
     </span>
     <span class='ocr_line' id='line_1_36' title="bbox 124 2468 1712 2510; baseline 0 -10"><span class='ocrx_word' id='word_1_314' title='bbox 124 2487 167 2491; x_wconf 87' lang='lat'>—-</span> <span class='ocrx_word' id='word_1_315' title='bbox 193 2480 301 2501; x_wconf 87' lang='lat' dir='ltr'>manu</span> <span class='ocrx_word' id='word_1_316' title='bbox 327 2481 387 2501; x_wconf 82' lang='lat' dir='ltr'>om.</span> <span class='ocrx_word' id='word_1_317' title='bbox 413 2471 433 2499; x_wconf 95' lang='lat' dir='ltr'>b</span> <span class='ocrx_word' id='word_1_318' title='bbox 528 2473 563 2500; x_wconf 86' lang='lat' dir='ltr'>ct</span> <span class='ocrx_word' id='word_1_319' title='bbox 589 2480 649 2501; x_wconf 77' lang='lat' dir='ltr'>mn.</span> <span class='ocrx_word' id='word_1_320' title='bbox 677 2468 746 2499; x_wconf 91' lang='grc' dir='ltr'>ΒΜ</span> <span class='ocrx_word' id='word_1_321' title='bbox 861 2471 880 2499; x_wconf 78' lang='grc'>0</span> <span class='ocrx_word' id='word_1_322' title='bbox 907 2469 1143 2509; x_wconf 77' lang='lat' dir='ltr'>adloqueniur</span> <span class='ocrx_word' id='word_1_323' title='bbox 1167 2470 1209 2499; x_wconf 91' lang='lat' dir='ltr'>B:</span> <span class='ocrx_word' id='word_1_324' title='bbox 1238 2469 1463 2509; x_wconf 86' lang='lat' dir='ltr'>adloquimur</span> <span class='ocrx_word' id='word_1_325' title='bbox 1487 2470 1518 2508; x_wconf 82' lang='lat' dir='ltr'>b,</span> <span class='ocrx_word' id='word_1_326' title='bbox 1547 2469 1712 2510; x_wconf 85' lang='lat' dir='ltr'>alloqua-</span> 
     </span>
     <span class='ocr_line' id='line_1_37' title="bbox 125 2513 1620 2555; baseline 0 -10"><span class='ocrx_word' id='word_1_327' title='bbox 125 2525 203 2545; x_wconf 84' lang='lat' dir='ltr'>mur</span> <span class='ocrx_word' id='word_1_328' title='bbox 227 2515 262 2544; x_wconf 93' lang='lat' dir='ltr'>M</span> <span class='ocrx_word' id='word_1_329' title='bbox 392 2515 421 2546; x_wconf 52' lang='lat'>8,</span> <span class='ocrx_word' id='word_1_330' title='bbox 438 2514 632 2545; x_wconf 79' lang='lat' dir='ltr'>dedecebit</span> <span class='ocrx_word' id='word_1_331' title='bbox 657 2514 721 2544; x_wconf 87' lang='lat' dir='ltr'>Bn:</span> <span class='ocrx_word' id='word_1_332' title='bbox 749 2514 893 2545; x_wconf 79' lang='lat' dir='ltr'>decebit</span> <span class='ocrx_word' id='word_1_333' title='bbox 918 2515 1028 2554; x_wconf 82' lang='lat' dir='ltr'>BgM,</span> <span class='ocrx_word' id='word_1_334' title='bbox 1057 2514 1251 2545; x_wconf 80' lang='lat' dir='ltr'>decedebit</span> <span class='ocrx_word' id='word_1_335' title='bbox 1278 2513 1345 2553; x_wconf 80' lang='lat' dir='ltr'>(nel</span> <span class='ocrx_word' id='word_1_336' title='bbox 1370 2513 1574 2555; x_wconf 87' lang='lat' dir='ltr'>dedecebit)</span> <span class='ocrx_word' id='word_1_337' title='bbox 1601 2516 1620 2545; x_wconf 95' lang='lat' dir='ltr'>b</span> 
     </span>
     <span class='ocr_line' id='line_1_38' title="bbox 126 2559 1611 2600; baseline 0 -10"><span class='ocrx_word' id='word_1_338' title='bbox 126 2559 341 2591; x_wconf 81' lang='lat' dir='ltr'>obseruatur</span> <span class='ocrx_word' id='word_1_339' title='bbox 366 2561 401 2589; x_wconf 97' lang='lat' dir='ltr'>M</span> <span class='ocrx_word' id='word_1_340' title='bbox 539 2560 683 2590; x_wconf 82' lang='lat' dir='ltr'>incessu</span> <span class='ocrx_word' id='word_1_341' title='bbox 710 2560 729 2589; x_wconf 95' lang='lat' dir='ltr'>b</span> <span class='ocrx_word' id='word_1_342' title='bbox 868 2562 887 2590; x_wconf 73' lang='lat'><strong>9</strong></span> <span class='ocrx_word' id='word_1_343' title='bbox 914 2559 1039 2590; x_wconf 76' lang='lat' dir='ltr'>eadem</span> <span class='ocrx_word' id='word_1_344' title='bbox 1065 2560 1141 2597; x_wconf 76' lang='grc' dir='ltr'>ΒΜ,</span> <span class='ocrx_word' id='word_1_345' title='bbox 1170 2560 1214 2598; x_wconf 78' lang='grc'><em>(·[“.</em></span> <span class='ocrx_word' id='word_1_346' title='bbox 1235 2560 1414 2590; x_wconf 70' lang='lat' dir='ltr'>Forlmzcct.</span> <span class='ocrx_word' id='word_1_347' title='bbox 1439 2571 1472 2600; x_wconf 80' lang='lat' dir='ltr'>p.</span> <span class='ocrx_word' id='word_1_348' title='bbox 1493 2561 1571 2595; x_wconf 64' lang='lat'>134,</span> <span class='ocrx_word' id='word_1_349' title='bbox 1592 2563 1611 2590; x_wconf 84' lang='lat'><em>5</em></span> 
     </span>
     <span class='ocr_line' id='line_1_39' title="bbox 127 2604 1619 2643; baseline -0.001 -8"><span class='ocrx_word' id='word_1_350' title='bbox 127 2607 167 2636; x_wconf 87' lang='lat'>10</span> <span class='ocrx_word' id='word_1_351' title='bbox 192 2605 391 2636; x_wconf 78' lang='lat' dir='ltr'>deforinest</span> <span class='ocrx_word' id='word_1_352' title='bbox 416 2605 441 2634; x_wconf 86' lang='lat' dir='ltr'>B</span> <span class='ocrx_word' id='word_1_353' title='bbox 559 2606 597 2634; x_wconf 77' lang='lat'>12</span> <span class='ocrx_word' id='word_1_354' title='bbox 625 2604 753 2635; x_wconf 77' lang='lat' dir='ltr'>(lextra</span> <span class='ocrx_word' id='word_1_355' title='bbox 779 2605 824 2643; x_wconf 88' lang='lat' dir='ltr'>M,</span> <span class='ocrx_word' id='word_1_356' title='bbox 852 2604 919 2635; x_wconf 88' lang='lat' dir='ltr'>dex</span> <span class='ocrx_word' id='word_1_357' title='bbox 944 2605 963 2634; x_wconf 95' lang='lat' dir='ltr'>b</span> <span class='ocrx_word' id='word_1_358' title='bbox 1084 2606 1122 2635; x_wconf 70' lang='lat'>14</span> <span class='ocrx_word' id='word_1_359' title='bbox 1148 2604 1183 2634; x_wconf 85' lang='lat' dir='ltr'>in</span> <span class='ocrx_word' id='word_1_360' title='bbox 1210 2608 1311 2635; x_wconf 83' lang='lat' dir='ltr'>tanto</span> <span class='ocrx_word' id='word_1_361' title='bbox 1338 2605 1358 2634; x_wconf 89' lang='lat' dir='ltr'>b</span> <span class='ocrx_word' id='word_1_362' title='bbox 1453 2608 1489 2635; x_wconf 86' lang='lat' dir='ltr'>et</span> <span class='ocrx_word' id='word_1_363' title='bbox 1513 2616 1574 2637; x_wconf 82' lang='lat' dir='ltr'>om.</span> <span class='ocrx_word' id='word_1_364' title='bbox 1600 2605 1619 2634; x_wconf 91' lang='lat' dir='ltr'>b</span> 
     </span>
     <span class='ocr_line' id='line_1_40' title="bbox 125 2648 1711 2692; baseline -0.001 -11"><span class='ocrx_word' id='word_1_365' title='bbox 125 2661 236 2692; x_wconf 88' lang='lat' dir='ltr'>prope</span> <span class='ocrx_word' id='word_1_366' title='bbox 263 2669 304 2672; x_wconf 93' lang='lat'>—-</span> <span class='ocrx_word' id='word_1_367' title='bbox 331 2650 519 2681; x_wconf 77' lang='lat' dir='ltr'>moderata</span> <span class='ocrx_word' id='word_1_368' title='bbox 545 2661 605 2680; x_wconf 74' lang='lat'>0111.</span> <span class='ocrx_word' id='word_1_369' title='bbox 630 2650 664 2679; x_wconf 91' lang='lat' dir='ltr'>M</span> <span class='ocrx_word' id='word_1_370' title='bbox 759 2650 798 2680; x_wconf 80' lang='lat'>15</span> <span class='ocrx_word' id='word_1_371' title='bbox 826 2649 1022 2679; x_wconf 82' lang='lat' dir='ltr'>conueniet</span> <span class='ocrx_word' id='word_1_372' title='bbox 1049 2650 1158 2679; x_wconf 80' lang='lat' dir='ltr'>etiam</span> <span class='ocrx_word' id='word_1_373' title='bbox 1184 2650 1237 2680; x_wconf 75' lang='lat' dir='ltr'>ed.</span> <span class='ocrx_word' id='word_1_374' title='bbox 1264 2648 1464 2680; x_wconf 62' lang='lat' dir='ltr'>ffloeriana:</span> <span class='ocrx_word' id='word_1_375' title='bbox 1491 2650 1711 2680; x_wconf 88' lang='lat' dir='ltr'>conuenien-</span> 
     </span>
     <span class='ocr_line' id='line_1_41' title="bbox 126 2694 1711 2733; baseline 0 -8"><span class='ocrx_word' id='word_1_376' title='bbox 126 2696 175 2725; x_wconf 67' lang='lat' dir='ltr'>tia</span> <span class='ocrx_word' id='word_1_377' title='bbox 200 2699 236 2726; x_wconf 80' lang='lat' dir='ltr'>et</span> <span class='ocrx_word' id='word_1_378' title='bbox 260 2696 297 2733; x_wconf 84' lang='grc' dir='ltr'>Β,</span> <span class='ocrx_word' id='word_1_379' title='bbox 325 2695 555 2727; x_wconf 75' lang='grc' dir='ltr'><strong>0011110111011ῖ1</strong></span> <span class='ocrx_word' id='word_1_380' title='bbox 579 2699 613 2724; x_wconf 82' lang='lat' dir='ltr'>et</span> <span class='ocrx_word' id='word_1_381' title='bbox 637 2695 669 2731; x_wconf 94' lang='lat' dir='ltr'>b,</span> <span class='ocrx_word' id='word_1_382' title='bbox 697 2694 960 2725; x_wconf 81' lang='lat' dir='ltr'>conuenicncia</span> <span class='ocrx_word' id='word_1_383' title='bbox 987 2698 1022 2725; x_wconf 89' lang='lat' dir='ltr'>et</span> <span class='ocrx_word' id='word_1_384' title='bbox 1047 2695 1082 2723; x_wconf 89' lang='lat' dir='ltr'>M</span> <span class='ocrx_word' id='word_1_385' title='bbox 1182 2695 1222 2724; x_wconf 88' lang='grc'>16</span> <span class='ocrx_word' id='word_1_386' title='bbox 1249 2694 1447 2724; x_wconf 78' lang='lat' dir='ltr'>moderatio</span> <span class='ocrx_word' id='word_1_387' title='bbox 1473 2695 1493 2724; x_wconf 92' lang='lat' dir='ltr'>b</span> <span class='ocrx_word' id='word_1_388' title='bbox 1588 2694 1711 2725; x_wconf 84' lang='lat' dir='ltr'>lauda-</span> 
     </span>
     <span class='ocr_line' id='line_1_42' title="bbox 126 2739 1711 2779; baseline 0.001 -9"><span class='ocrx_word' id='word_1_389' title='bbox 126 2740 235 2771; x_wconf 84' lang='lat' dir='ltr'>tionis</span> <span class='ocrx_word' id='word_1_390' title='bbox 261 2742 295 2770; x_wconf 87' lang='lat' dir='ltr'>M</span> <span class='ocrx_word' id='word_1_391' title='bbox 391 2741 430 2771; x_wconf 72' lang='lat'>18</span> <span class='ocrx_word' id='word_1_392' title='bbox 457 2740 590 2770; x_wconf 71' lang='lat' dir='ltr'>manlio</span> <span class='ocrx_word' id='word_1_393' title='bbox 617 2740 702 2769; x_wconf 82' lang='lat' dir='ltr'>BM:</span> <span class='ocrx_word' id='word_1_394' title='bbox 730 2739 878 2769; x_wconf 83' lang='lat' dir='ltr'>manilio</span> <span class='ocrx_word' id='word_1_395' title='bbox 903 2740 935 2779; x_wconf 89' lang='lat' dir='ltr'>b,</span> <span class='ocrx_word' id='word_1_396' title='bbox 962 2739 1147 2770; x_wconf 52' lang='grc'><strong>111-(11110111.</strong></span> <span class='ocrx_word' id='word_1_397' title='bbox 1168 2740 1212 2778; x_wconf 75' lang='lat' dir='ltr'>es.</span> <span class='ocrx_word' id='word_1_398' title='bbox 1231 2741 1277 2769; x_wconf 78' lang='lat' dir='ltr'>ml</span> <span class='ocrx_word' id='word_1_399' title='bbox 1293 2742 1322 2777; x_wconf 78' lang='lat'>0,</span> <span class='ocrx_word' id='word_1_400' title='bbox 1344 2741 1375 2778; x_wconf 83' lang='lat'>3,</span> <span class='ocrx_word' id='word_1_401' title='bbox 1394 2741 1437 2770; x_wconf 61' lang='lat'>54</span> <span class='ocrx_word' id='word_1_402' title='bbox 1532 2740 1571 2770; x_wconf 84' lang='grc'>19</span> <span class='ocrx_word' id='word_1_403' title='bbox 1598 2740 1711 2771; x_wconf 82' lang='lat' dir='ltr'>flauos</span> 
     </span>
     <span class='ocr_line' id='line_1_43' title="bbox 126 2784 1631 2826; baseline -0.001 -10"><span class='ocrx_word' id='word_1_404' title='bbox 126 2786 193 2815; x_wconf 87' lang='grc' dir='ltr'>ΒΜ</span> <span class='ocrx_word' id='word_1_405' title='bbox 286 2786 473 2826; x_wconf 84' lang='lat' dir='ltr'>uirgincus</span> <span class='ocrx_word' id='word_1_406' title='bbox 498 2786 533 2814; x_wconf 88' lang='lat' dir='ltr'>M</span> <span class='ocrx_word' id='word_1_407' title='bbox 625 2788 667 2816; x_wconf 71' lang='grc'>20</span> <span class='ocrx_word' id='word_1_408' title='bbox 692 2784 785 2825; x_wconf 88' lang='lat' dir='ltr'>quod</span> <span class='ocrx_word' id='word_1_409' title='bbox 811 2784 911 2815; x_wconf 83' lang='lat' dir='ltr'>milia</span> <span class='ocrx_word' id='word_1_410' title='bbox 938 2794 1083 2825; x_wconf 81' lang='lat' dir='ltr'>passum</span> <span class='ocrx_word' id='word_1_411' title='bbox 1109 2785 1133 2814; x_wconf 92' lang='lat' dir='ltr'>B</span> <span class='ocrx_word' id='word_1_412' title='bbox 1228 2785 1268 2814; x_wconf 71' lang='lat'>22</span> <span class='ocrx_word' id='word_1_413' title='bbox 1295 2785 1368 2815; x_wconf 83' lang='lat' dir='ltr'>sint</span> <span class='ocrx_word' id='word_1_414' title='bbox 1391 2785 1428 2814; x_wconf 90' lang='lat' dir='ltr'>b:</span> <span class='ocrx_word' id='word_1_415' title='bbox 1455 2788 1538 2815; x_wconf 85' lang='lat' dir='ltr'>sunt</span> <span class='ocrx_word' id='word_1_416' title='bbox 1563 2785 1631 2814; x_wconf 90' lang='lat' dir='ltr'>BM</span> 
     </span>
     <span class='ocr_line' id='line_1_44' title="bbox 128 2829 1711 2870; baseline 0 -10"><span class='ocrx_word' id='word_1_417' title='bbox 128 2830 173 2860; x_wconf 84' lang='lat' dir='ltr'>ad</span> <span class='ocrx_word' id='word_1_418' title='bbox 199 2830 276 2861; x_wconf 86' lang='lat' dir='ltr'>fieri</span> <span class='ocrx_word' id='word_1_419' title='bbox 303 2831 414 2862; x_wconf 89' lang='lat' dir='ltr'>indici</span> <span class='ocrx_word' id='word_1_420' title='bbox 439 2831 491 2870; x_wconf 83' lang='lat' dir='ltr'>Bg</span> <span class='ocrx_word' id='word_1_421' title='bbox 517 2832 586 2862; x_wconf 82' lang='lat' dir='ltr'>Im.</span> <span class='ocrx_word' id='word_1_422' title='bbox 694 2831 735 2860; x_wconf 65' lang='lat'>24</span> <span class='ocrx_word' id='word_1_423' title='bbox 762 2833 883 2860; x_wconf 83' lang='lat' dir='ltr'>tamen</span> <span class='ocrx_word' id='word_1_424' title='bbox 911 2840 953 2860; x_wconf 92' lang='lat' dir='ltr'>nc</span> <span class='ocrx_word' id='word_1_425' title='bbox 982 2829 1151 2860; x_wconf 83' lang='lat' dir='ltr'>recedere</span> <span class='ocrx_word' id='word_1_426' title='bbox 1179 2839 1206 2859; x_wconf 82' lang='lat' dir='ltr'>s.</span> <span class='ocrx_word' id='word_1_427' title='bbox 1234 2829 1340 2860; x_wconf 88' lang='lat' dir='ltr'>datus</span> <span class='ocrx_word' id='word_1_428' title='bbox 1368 2830 1387 2859; x_wconf 94' lang='lat' dir='ltr'>b</span> <span class='ocrx_word' id='word_1_429' title='bbox 1504 2830 1545 2860; x_wconf 70' lang='lat'>26</span> <span class='ocrx_word' id='word_1_430' title='bbox 1572 2830 1711 2860; x_wconf 42' lang='lat' dir='ltr'>contio*</span> 
     </span>
     <span class='ocr_line' id='line_1_45' title="bbox 128 2874 1709 2916; baseline 0 -11"><span class='ocrx_word' id='word_1_431' title='bbox 128 2875 233 2906; x_wconf 87' lang='lat' dir='ltr'>nibus</span> <span class='ocrx_word' id='word_1_432' title='bbox 259 2877 294 2905; x_wconf 92' lang='lat' dir='ltr'>M</span> <span class='ocrx_word' id='word_1_433' title='bbox 402 2878 442 2907; x_wconf 74' lang='lat'>27</span> <span class='ocrx_word' id='word_1_434' title='bbox 469 2879 508 2906; x_wconf 81' lang='lat' dir='ltr'>ut</span> <span class='ocrx_word' id='word_1_435' title='bbox 533 2874 700 2906; x_wconf 80' lang='lat' dir='ltr'>finiendis</span> <span class='ocrx_word' id='word_1_436' title='bbox 726 2875 797 2905; x_wconf 85' lang='lat' dir='ltr'>sita</span> <span class='ocrx_word' id='word_1_437' title='bbox 824 2886 843 2904; x_wconf 80' lang='lat' dir='ltr'>a</span> <span class='ocrx_word' id='word_1_438' title='bbox 869 2875 995 2905; x_wconf 81' lang='lat' dir='ltr'>crebra</span> <span class='ocrx_word' id='word_1_439' title='bbox 1020 2875 1039 2904; x_wconf 95' lang='lat' dir='ltr'>b</span> <span class='ocrx_word' id='word_1_440' title='bbox 1156 2877 1196 2904; x_wconf 56' lang='lat'>:⁸4</span> <span class='ocrx_word' id='word_1_441' title='bbox 1224 2874 1365 2905; x_wconf 86' lang='lat' dir='ltr'>laeuum</span> <span class='ocrx_word' id='word_1_442' title='bbox 1392 2875 1471 2905; x_wconf 89' lang='lat' dir='ltr'>Mb:</span> <span class='ocrx_word' id='word_1_443' title='bbox 1503 2874 1644 2906; x_wconf 83' lang='lat' dir='ltr'>lacuom</span> <span class='ocrx_word' id='word_1_444' title='bbox 1671 2875 1709 2916; x_wconf 89' lang='lat' dir='ltr'>B,</span> 
     </span>
     <span class='ocr_line' id='line_1_46' title="bbox 128 2919 922 2961; baseline 0 -12"><span class='ocrx_word' id='word_1_445' title='bbox 128 2919 244 2951; x_wconf 83' lang='lat' dir='ltr'>leuem</span> <span class='ocrx_word' id='word_1_446' title='bbox 271 2923 337 2953; x_wconf 77' lang='lat' dir='ltr'>alia</span> <span class='ocrx_word' id='word_1_447' title='bbox 363 2933 400 2952; x_wconf 83' lang='lat' dir='ltr'>m.</span> <span class='ocrx_word' id='word_1_448' title='bbox 428 2923 461 2951; x_wconf 80' lang='grc' dir='ltr'>ἱη</span> <span class='ocrx_word' id='word_1_449' title='bbox 487 2921 538 2959; x_wconf 85' lang='lat' dir='ltr'>Bg</span> <span class='ocrx_word' id='word_1_450' title='bbox 631 2921 672 2950; x_wconf 75' lang='lat'>29</span> <span class='ocrx_word' id='word_1_451' title='bbox 698 2919 877 2961; x_wconf 78' lang='lat' dir='ltr'>bagilatio</span> <span class='ocrx_word' id='word_1_452' title='bbox 903 2920 922 2949; x_wconf 93' lang='lat' dir='ltr'>b</span> 
     </span>
    </p>
   </div>
  </div>
 </body>
</html>
