1955 3228
151 829 183 854 10

150 1168 181 1193 15

145 1509 178 1533 20

143 1850 176 1875 25

140 2191 172 2216 30

837 98 901 127 111.
965 95 998 140 7,
1023 96 1172 126 3-15,
1723 88 1802 129 149

205 202 251 241 ut
281 200 316 241 si
347 199 440 255 quis
472 201 528 241 sit
558 200 668 242 filius
698 200 833 242 louis:
874 200 992 242 addit
1022 201 1278 256 antiquitas,
1317 203 1364 242 ut
1394 202 1469 255 iis,
1514 203 1585 256 qui
1618 204 1720 243 sunt
1751 218 1799 243 ex

204 267 332 323 Chao,
362 268 591 324 progenies
623 282 809 323 quoque,
841 270 890 309 ut
920 268 1075 323 Apollo
1107 283 1156 310 ac
1187 269 1328 310 Diana
1358 269 1563 311 Latonae.
1622 270 1798 311 laudan·
1816 272 1842 312 9

203 336 303 378 dum
332 336 376 377 in
408 336 674 392 quibusdam,
706 337 817 391 quod
845 337 983 392 geniti
1004 337 1266 392 inmortales,
1300 338 1564 393 quibusdam⁷
1598 338 1706 393 quod
1739 339 1802 380 in-

203 404 510 446 mortalitatem
540 404 698 445 uirtute
730 405 818 446 sint
850 405 1085 446 consecuti:
1118 405 1228 460 quod
1259 406 1397 460 pietas
1428 407 1636 462 principis
1665 407 1800 448 nostri

204 473 495 527 praesentium
526 487 690 528 quoque
720 475 960 528 temporum
992 473 1118 515 decus
1149 474 1266 516 fecit.

314 540 456 596 Magis
488 543 552 583 est
582 541 701 582 uaria
732 541 824 582 laus
863 541 1095 583 hominum.
1153 557 1253 583 nam
1290 543 1475 597 primum
1513 543 1716 585 diuiditur
1753 544 1798 584 in
1822 547 1871 585 w

202 610 408 663 tempora,
441 610 634 664 quodque
666 611 766 650 ante
798 623 866 650 eos
898 609 981 650 fuit
1011 624 1175 665 quoque
1206 610 1287 665 ipsi
1319 611 1540 652 uixerunt:
1572 612 1617 652 in
1648 612 1699 652 iis
1732 627 1800 653 au-

202 678 300 730 tem,
333 677 403 732 qui
433 678 524 719 fato
556 680 657 719 sunt
686 678 839 731 functi⁷
886 677 1017 718 etiam
1048 679 1157 733 quod
1191 681 1254 720 est
1284 679 1537 720 insecutum.
1599 684 1698 721 ante
1728 680 1800 721 110-

202 744 360 786 1111110111
405 746 545 799 patria
592 760 641 787 ac
679 747 878 800 parentes
916 746 1181 801 maioresque
1222 750 1368 801 erunt,
1419 762 1597 802 quorum
1645 748 1799 803 duplex

203 814 411 854 tractatus
443 815 528 854 est:
561 816 634 854 aut
665 814 779 855 enim
809 814 1076 868 respondisse
1108 814 1323 863 nobilitati
1345 815 1567 869 pulchrum
1601 817 1694 870 erit,
1729 820 1801 858 aut

200 879 400 922 humilius
437 896 573 936 genus
612 881 864 923 inlustrasse
901 881 1041 924 factis.
1108 882 1182 923 illa
1228 898 1392 938 quoque
1433 884 1605 925 interim
1646 899 1695 925 ex
1737 888 1859 938 00,11

200 949 310 1001 quod
349 951 449 990 ante
487 950 627 1005 ipsum
663 950 768 1002 fuit,
815 952 1006 1004 tempore
1044 950 1290 1005 trahentur,
1333 966 1440 1006 quae
1478 953 1692 1006 responsis
1732 953 1800 994 uel

200 1016 388 1071 auguriis
420 1017 610 1058 futuram
643 1017 883 1059 claritatem
914 1018 1200 1073 promiserint,
1236 1022 1282 1059 ut
1314 1035 1422 1074 euin,
1455 1021 1597 1075 quiex
1620 1020 1799 1063 Thetide

199 1086 326 1126 natus
358 1087 482 1140 esset,
525 1085 729 1127 maiorem
759 1088 881 1140 patre
913 1101 987 1127 suo
1018 1087 1209 1128 futurum
1244 1087 1447 1129 cecinisse
1479 1088 1679 1130 dicuntur
1709 1104 1799 1131 ora-

202 1152 309 1194 cula.
377 1153 509 1208 ipsius
549 1168 649 1195 uero
689 1154 781 1196 laus
822 1155 1007 1196 hominis
1049 1170 1097 1195 ex
1138 1155 1280 1195 animo
1321 1158 1363 1197 et
1402 1170 1575 1211 corpore
1608 1160 1650 1198 et
1681 1160 1799 1198 extra
1821 1160 1866 1198 12

197 1221 349 1275 positis
380 1222 469 1277 peti
501 1222 638 1263 debet.
682 1225 724 1263 et
755 1224 942 1277 corporis
965 1223 1135 1277 quidem
1156 1223 1511 1278 fortuitorumque
1535 1225 1795 1280 0111111011101,

196 1290 287 1329 tum
318 1303 406 1331 non
437 1304 521 1331 uno
551 1290 674 1331 modo
705 1291 933 1331 tractanda
965 1293 1042 1332 est.
1085 1306 1185 1332 nam
1207 1293 1248 1332 et
1269 1292 1603 1346 pulcritudinem
1624 1294 1797 1335 interim

198 1357 407 1412 roburque
446 1358 741 1412 prosequimur
780 1358 939 1399 honore
979 1360 1226 1413 uerborum,
1269 1362 1317 1400 ut
1356 1359 1566 1402 Homerus
1605 1361 1650 1402 in
1682 1364 1796 1417 Aga-

197 1439 424 1466 memnone
455 1428 582 1480 atque
614 1426 796 1480 Achille,
840 1429 881 1467 et
912 1427 1084 1468 interim
1117 1428 1282 1469 confert
1315 1429 1586 1470 admirationi
1617 1430 1795 1471 multum

198 1492 325 1533 etiam
364 1493 613 1545 infirmitas„
652 1497 699 1535 ut
738 1509 832 1536 cum
871 1495 981 1536 idem
1013 1495 1156 1550 Tydea
1194 1511 1396 1551 paruum,
1437 1497 1509 1538 sed
1548 1498 1792 1539 bellatorem

196 1560 300 1601 dicit
329 1560 474 1602 fuisse.
526 1561 699 1603 fortuna
731 1578 831 1604 uero
861 1566 951 1604 tum
984 1564 1239 1619 dignitatem
1272 1565 1424 1620 adfert,
1467 1568 1513 1606 ut
1543 1566 1588 1606 in
1620 1566 1792 1621 regibus
1812 1569 1862 1608 1ἑῖ

195 1628 543 1684 principibusque
584 1630 785 1686 (namque
826 1634 890 1672 est
928 1631 1032 1672 haec
1073 1633 1254 1673 materia
1293 1634 1580 1675 ostendendae
1620 1634 1793 1676 uirtutis

195 1696 396 1753 uberior),
428 1700 519 1738 tum
550 1713 631 1753 quo
662 1700 847 1740 minores
879 1714 979 1754 opes
1000 1700 1188 1755 fuerunt,
1222 1701 1424 1743 maiorem
1446 1702 1682 1743 benefactis
1704 1703 1792 1758 glo-

194 1764 299 1805 riam
330 1766 456 1820 parit.
520 1766 592 1807 sed
624 1768 785 1821 omnia,
827 1782 934 1822 quae
967 1770 1086 1809 extra
1117 1784 1193 1810 nos
1225 1769 1337 1811 bona
1368 1774 1467 1811 sunt
1499 1785 1688 1825 quaeque
1720 1771 1792 1813 ho-

195 1832 380 1875 minibus
411 1833 522 1875 forte
554 1836 816 1890 optigerunt⁷
850 1851 938 1877 non
960 1836 1053 1877 ideo
1075 1836 1317 1891 laudantur)
1349 1838 1458 1892 quod
1480 1838 1678 1880 habuerit
1699 1840 1791 1894 quis

194 1915 266 1955 ea,
308 1901 380 1942 sed
412 1902 520 1956 quod
552 1903 604 1944 iis
635 1903 811 1945 honeste
850 1905 904 1945 sit
943 1919 1055 1946 usus.
1115 1920 1215 1946 nam
1247 1905 1422 1947 diuitiae
1454 1908 1495 1947 et
1525 1908 1717 1961 potentia
1750 1911 1792 1949 et
1811 1910 1859 1949 11

192 1969 346 2023 gratia,
387 1984 481 2012 cum
510 1971 739 2025 plurimum
770 1972 924 2013 uirium
956 1973 1078 2027 dent,
1120 1974 1164 2014 in
1195 1975 1417 2028 utramque
1448 1977 1614 2029 partem
1647 1977 1790 2017 certis-

192 2038 344 2079 simum
375 2038 543 2080 faciunt
573 2054 736 2080 morum
768 2041 1125 2095 experimentum:
1165 2044 1238 2083 aut
1278 2042 1389 2082 enim
1422 2043 1614 2084 meliores
1646 2046 1818 2086 sumus*

191 2108 365 2160 propter
395 2107 500 2148 haec
532 2110 604 2148 aut
634 2108 810 2162 peiores.
865 2109 996 2150 animi
1027 2125 1192 2165 semper
1224 2125 1321 2151 uera
1354 2110 1459 2165 laus,
1495 2112 1566 2152 sed
1596 2127 1683 2153 11011
1706 2128 1789 2154 una
1810 2116 1856 2153 123

191 2189 266 2228 per
296 2174 375 2216 hoc
407 2190 510 2229 opus
550 2176 619 2216 uia
658 2176 838 2218 ducitur.
897 2192 1080 2233 namque
1120 2178 1224 2219 alias
1263 2179 1415 2220 aetatis
1453 2179 1611 2234 gradus
1650 2182 1788 2235 gesta-

190 2256 366 2297 rumque
398 2257 539 2284 rerum
570 2244 761 2285 ordinem
791 2245 909 2300 sequi
942 2247 1171 2300 speciosius
1202 2246 1296 2300 fuit,
1329 2249 1376 2288 ut
1406 2247 1451 2288 111
1482 2248 1630 2301 priinis
1663 2249 1786 2289 alniis

193 2413 227 2444 *b
268 2369 655 2446 5ngorlxgamemnone]
682 2371 724 2403 Il.
751 2373 782 2412 2,
808 2373 884 2404 477.
988 2374 1038 2406 19.
1066 2370 1226 2414 Achille]
1254 2373 1302 2407 ib.
1330 2375 1360 2413 2,
1393 2375 1464 2407 180.
1559 2376 1611 2406 20.
1646 2374 1785 2417 Tydeu]

191 2424 203 2443 1
235 2438 240 2444 .
293 2438 299 2453 ,
397 2441 402 2446 .

282 2529 298 2557 1
327 2528 357 2558 si
384 2528 445 2567 qui
471 2528 496 2558 B
590 2529 810 2561 sit—addit
827 2531 856 2561 A
881 2542 918 2562 m.
936 2534 956 2562 2
982 2532 1014 2562 in
1040 2542 1106 2562 ras.
1205 2531 1260 2562 his
1278 2532 1340 2561 AB
1434 2535 1518 2563 sunt
1536 2532 1616 2565 AB:
1642 2544 1702 2564 om.
1718 2535 1738 2564 b

191 2575 209 2602 2
235 2573 344 2604 diana
369 2572 516 2605 latonae
543 2574 571 2604 A
687 2577 706 2607 3
734 2576 770 2606 111
797 2576 1011 2617 quibusdam
1037 2594 1077 2598 -—
1107 2577 1322 2617 quibusdam
1349 2577 1427 2607 AB:
1457 2578 1491 2608 in
1519 2578 1650 2618 quilius
1675 2597 1717 2599 ⁷—
1746 2579 1784 2610 111

189 2618 320 2658 quibus
346 2619 365 2649 b
482 2620 500 2650 7
529 2620 681 2661 qnodque
706 2625 784 2651 {mle
810 2632 866 2652 eos
892 2621 963 2653 fuit
989 2632 1124 2663 quoqne
1150 2623 1178 2652 A
1272 2625 1400 2654 anteos
1425 2623 1478 2662 Bg
1503 2625 1520 2652 l
1539 2634 1579 2655 m.
1674 2623 1730 2654 his
1756 2625 1783 2654 A

249 2664 269 2695 S
297 2668 351 2695 est
376 2665 409 2695 in
434 2664 486 2704 Bg
509 2669 623 2705 pamfl.
719 2667 759 2697 13
785 2667 1020 2708 promiserint
1045 2668 1089 2697 B:
1116 2668 1360 2707 promiserunt
1384 2668 1451 2703 Ab,
1477 2669 1539 2698 sed
1563 2670 1628 2698 unt
1652 2669 1680 2698 A
1706 2672 1726 2700 2
1744 2681 1783 2700 m.

190 2709 221 2739 in
248 2719 318 2740 ras.
413 2709 548 2741 thetide
573 2711 602 2740 A
720 2712 758 2742 17
785 2711 1093 2752 pulchritudinem
1120 2713 1175 2746 Βς
1286 2714 1326 2744 19
1353 2715 1389 2743 et
1415 2713 1558 2743 interim
1584 2712 1629 2744 A:
1658 2717 1694 2745 et
1719 2726 1778 2745 om.

189 2755 261 2785 rell.
288 2758 320 2785 el
346 2763 366 2788 ς
481 2757 521 2786 ‘21
549 2759 622 2786 tum
648 2756 728 2787 AB:
763 2766 841 2787 cum
867 2758 920 2788 ed.
952 2757 1078 2798 Gryplc.
1197 2757 1343 2799 regibus
1368 2759 1397 2788 A
1428 2759 1458 2788 in
1483 2769 1552 2788 ras.
1669 2761 1711 2790 23
1738 2770 1780 2791 eo

188 2799 361 2831 maiorem
388 2800 464 2831 edd.
491 2805 571 2834 uclt.
681 2803 723 2832 24
750 2802 844 2832 bona
868 2801 941 2833 Ab:
969 2803 1064 2834 (lona
1089 2804 1114 2833 B
1229 2803 1272 2833 25
1298 2803 1510 2844 obtigerunt
1534 2804 1563 2834 A
1655 2805 1698 2835 -26
1723 2805 1781 2836 his

189 2844 250 2875 AB
342 2855 425 2875 nam
451 2844 497 2878 A:
525 2856 595 2877 non
620 2846 645 2877 B
751 2848 792 2878 27
818 2846 972 2889 plurium
999 2848 1028 2878 A
1121 2847 1207 2879 dent
1230 2848 1267 2878 in
1292 2858 1326 2879 11.
1355 2851 1508 2890 partem,
1536 2849 1779 2881 certissimum

189 2890 248 2921 aliz·
270 2891 475 2931 distinguunt
568 2892 610 2922 ‘28
637 2892 806 2924 meliores
830 2903 952 2924 sumus
977 2893 1026 2923 A:
1054 2902 1175 2924 sumus
1200 2898 1277 2934 post
1302 2894 1444 2936 peiores
1471 2894 1593 2926 habent
1617 2898 1690 2927 rell.
1710 2901 1742 2927 el
1759 2904 1779 2929 ς

279 2937 321 2968 30
346 2935 508 2968 ducimur
532 2937 698 2969 Francius
