1955 3228
565 101 613 132 11.
666 96 700 141 6,
724 93 836 125 4—-7.
886 92 918 136 τ,
943 90 1052 122 1-—5.
1099 89 1133 132 8,
1160 87 1267 118 1-7.
1664 72 1715 112 87

121 215 167 256 in
198 222 391 254 sermone
421 208 530 248 bene
562 218 586 244 a
617 213 782 257 quoque
821 196 1032 238 dictorum
1071 192 1223 234 relatio
1262 192 1305 232 et
1341 189 1386 230 in
1420 187 1555 230 causis
1587 184 1718 226 utiliS.

124 295 224 324 nam
257 280 299 320 et
329 275 423 332 plus
441 268 724 315 ‘auctoritatis
756 265 957 307 adferunt
988 277 1050 315 ea,
1084 275 1191 315 quae
1213 274 1300 300 non
1321 254 1559 312 praesentis
1581 252 1721 308 gratia

124 349 213 390 litis
244 348 345 388 sunt
376 341 625 396 conparata,
659 338 702 378 et
731 332 900 375 laudem
930 343 1053 383 saepe
1085 329 1309 379 maiorem,
1351 339 1477 379 quam
1509 322 1544 363 si
1574 322 1721 362 nostra

128 417 228 470 sint,
270 410 516 455 conciliant.
577 401 805 460 aliquando
836 402 981 440 tamen
1013 394 1347 450 permittendum
1378 406 1483 446 quae
1514 390 1594 444 ipsi
1625 387 1763 429 scri—5

92 503 107 527 5
127 483 291 540 pserint
321 480 474 532 dicere,
507 477 554 518 ut
583 471 741 515 laboris
773 468 837 509 sui
858 466 1046 507 fructum
1068 463 1198 504 etiam
1221 477 1270 502 ex
1292 461 1379 512 illa,
1414 473 1520 514 quae
1542 456 1724 498 maxime

128 551 301 607 petitur,
332 547 455 589 laude
486 542 672 600 plurium
704 537 891 592 capiant.
934 546 1083 573 uerum
1105 531 1147 571 id
1178 543 1341 583 quoque
1372 529 1462 567 tum
1493 525 1584 566 fieri
1607 538 1725 578 opor-

129 620 249 673 tebit,
291 631 387 659 cum
418 611 577 668 aliquid
609 605 867 651 commodius
900 599 1194 650 elimauerint,
1235 599 1282 637 ut
1313 609 1360 636 eo
1391 594 1509 634 uelut
1539 591 1727 646 praemio

131 686 260 730 studii
291 684 354 727 sui
386 681 597 724 donentur
628 691 678 718 ac
708 690 751 716 se
783 670 989 714 meruisse
1021 670 1068 708 ut
1099 666 1291 706 dicerent
1322 662 1549 717 gaudeant.

244 752 364 795 VIII.
416 750 563 791 Virtus
594 740 884 800 praeceptoris
915 735 1064 778 haberi
1096 733 1225 786 solet,
1266 745 1345 772 nec
1384 728 1600 780 inmerito,
1641 726 1731 766 dili-

83 843 114 866 10
134 824 286 879 genter
315 820 361 861 in
391 818 456 871 iis,
495 829 598 871 quos
631 808 882 853 erudiendos
914 801 1168 858 susceperit,
1210 801 1361 840 notare
1393 794 1639 837 discrimina
1670 794 1733 834 in-

134 889 378 946 geniorum,
422 887 464 926 et
501 897 584 938 quo
623 890 829 935 quemque
869 876 1024 915 natura
1055 870 1237 911 maxime
1276 867 1410 919 ferat,
1452 864 1572 905 scire.
1634 877 1734 902 nam

136 960 200 1000 est
230 956 275 997 in
306 948 679 1005 hoc·incredibilis
710 943 919 1000 quaedam
950 940 1158 991 uarietas,
1200 950 1278 977 nec
1318 933 1536 988 pauciores
1577 930 1734 971 animo-

138 1040 232 1067 rum
263 1036 398 1078 paene
430 1033 556 1075 quam
589 1027 812 1069 corporum
843 1010 1019 1051 formae.
1063 1005 1173 1060 quod
1195 1001 1390 1056 intellegi
1412 1000 1539 1041 etiam
1563 1013 1611 1039 ex
1632 997 1775 1051 ipsis?

139 1091 377 1135 oratoribus
408 1088 569 1143 potest,
609 1083 681 1139 qui.
719 1081 890 1122 tantum
930 1076 1044 1117 inter
1085 1088 1128 1114 se
1167 1072 1331 1113 distant
1369 1083 1524 1124 genere
1557 1065 1736 1118 dicendi,

89 1180 120 1204 15
140 1163 187 1203 ut
217 1173 341 1201 nemo
372 1156 428 1198 sit
459 1153 583 1196 alteri
614 1149 787 1201 similis,
827 1144 1021 1201 quamuis
1053 1140 1226 1197 plurimi
1258 1153 1300 1179 se
1340 1137 1392 1178 ad
1432 1150 1596 1187 eorum,
1636 1147 1738 1187 quos

140 1227 396 1284 probabant,
429 1221 716 1264 imitationem
747 1212 1075 1268 composuerint.
1119 1208 1223 1250 utile
1256 1205 1406 1247 deinde
1438 1203 1656 1257 plerisque
1681 1200 1778 1241 iii-3

141 1311 234 1339 sum
264 1296 327 1336 est
358 1293 418 1334 ita
449 1302 655 1346 quemque
677 1284 916 1334 instituere,
949 1282 996 1320 ut
1016 1277 1188 1333 propria
1209 1277 1389 1316 naturae
1412 1272 1524 1313 bona
1549 1268 1744 1310 doctrina

141 1363 338 1406 fouerent
368 1363 410 1402 et
439 1360 485 1400 in
517 1357 558 1398 id
590 1353 857 1410 potissimum
888 1347 1078 1403 ingenia,
1113 1360 1194 1399 quo
1216 1342 1456 1393 tenderent,
1492 1338 1744 1379 adiuuaren-

142 1435 232 1474 tur:
263 1432 311 1472 ut
341 1429 377 1471 si
407 1427 499 1482 quis
531 1423 767 1480 palaestrae
796 1417 972 1473 peritus,
1007 1429 1100 1456 cuni
1130 1413 1175 1452 in
1209 1409 1379 1464 aliquod
1410 1407 1581 1461 plenum
1605 1403 1747 1459 pueris

94 1519 126 1544 20
146 1498 417 1556 gymnasium
447 1492 626 1545 uenerit,
659 1489 858 1544 expertus
891 1498 1033 1526 eorum
1065 1480 1181 1523 omni
1211 1478 1334 1519 inodo
1367 1489 1517 1529 corpus
1540 1473 1747 1514 animum-

147 1583 226 1624 que
258 1566 487 1617 discernat,
523 1562 587 1603 cui
621 1558 797 1614 quisque
829 1550 1053 1595 certamini
1083 1545 1403 1603 praeparandus
1434 1543 1511 1595 sit,
1544 1542 1605 1582 ita
1627 1540 1782 1593 prae-4

150 1638 362 1691 ceptorem
379 1629 660 1686 eloquentiae,
684 1639 778 1667 cum
801 1620 1014 1677 sagaciter
1029 1616 1159 1658 fuerit
1176 1614 1372 1665 intuitus,
1392 1610 1508 1652 cuius
1525 1607 1746 1662 ingenium

149 1718 294 1761 presso
324 1702 556 1753 limatoque
578 1708 735 1751 genere
757 1689 940 1742 dicendi,
976 1686 1092 1728 cuius
1117 1684 1217 1736 acri,
1251 1681 1388 1736 graui,
1422 1677 1546 1730 dulci,
1581 1689 1744 1729 aspero,

151 1772 299 1825 nitido,
332 1769 492 1810 urbano
524 1763 706 1806 maxime
738 1759 944 1815 gaudeat,
985 1755 1046 1795 ita
1079 1767 1121 1793 se
1156 1749 1521 1792 commodaturum
1553 1742 1746 1798 singulis,

101 1859 133 1883 25
151 1843 198 1883 ut
228 1840 274 1881 in
305 1853 365 1892 eo,
396 1850 477 1890 quo
509 1832 685 1888 quisque
717 1827 897 1878 eminet,
940 1821 1218 1878 prouehatur,
1259 1816 1369 1872 quod
1401 1816 1443 1855 et
1474 1813 1617 1853 adiuta
1650 1811 1788 1851 cura5

153 1910 308 1951 natura
338 1904 476 1959 magis
509 1900 737 1951 eualescat,
771 1897 812 1937 et
843 1893 915 1948 qui
946 1892 990 1932 in
1023 1890 1190 1931 diuersa
1221 1886 1414 1937 ducatur,
1448 1894 1583 1934 neque
1615 1878 1660 1918 in
1682 1877 1748 1928 iis,

155 1977 306 2032 quibus
337 1973 478 2014 minus
510 1971 634 2024 aptus
665 1968 741 2018 est,
774 1963 878 2004 satis
909 1959 1044 2014 possit
1076 1957 1243 1998 efficere
1270 1955 1311 1994 et
1334 1967 1396 2004 ea,
1429 1950 1475 1990 in
1496 1962 1602 2002 quae
1625 1947 1751 1986 natus

157 2045 338 2096 uidetur,
372 2037 602 2081 deserendo
633 2034 765 2076 faciat
796 2028 1043 2072 infirmiora.
1095 2023 1206 2079 quod
1237 2021 1340 2061 inihi
1374 2018 1525 2074 (libera
1548 2014 1661 2056 enim
1684 2011 1790 2054 uelss

160 2114 308 2155 contra
339 2109 531 2162 receptas
562 2101 859 2160 persuasiones
890 2096 1101 2137 rationem
1133 2089 1327 2145 sequenti
1359 2084 1572 2128 sententia
1594 2082 1676 2136 est)
1708 2080 1753 2120 in

109 2199 141 2223 30
160 2182 280 2236 parte
304 2191 448 2219 uerum
474 2174 661 2216 uidetur:
693 2183 794 2211 nam
818 2164 1102 2221 proprietates
1128 2158 1399 2213 ingeniorum
1416 2152 1621 2206 dispicere
1640 2162 1754 2203 pror-

161 2264 230 2292 sus
269 2244 556 2288 necessarium
595 2242 672 2282 est.
739 2237 783 2277 in
823 2234 890 2275 his
928 2244 1092 2286 quoque
1133 2229 1293 2268 certum
1341 2221 1577 2264 studiorum
1615 2218 1792 2258 facere7

162 2317 363 2358 dilectum
400 2326 524 2353 nemo
562 2304 822 2350 dissuaserit⁹
890 2312 1071 2352 namque
1114 2294 1195 2336 erit
1234 2292 1340 2334 alius
1378 2286 1578 2330 historiae
1618 2283 1755 2337 magis

164 2385 354 2435 idoneuS,
389 2379 494 2420 alius
527 2374 784 2429 compositus
816 2370 868 2411 ad
901 2380 1085 2417 carmen,
1120 2363 1226 2403 alius
1259 2359 1375 2401 utilis
1398 2355 1534 2397 studio
1560 2352 1677 2404 iuris,
1712 2351 1758 2389 ut

165 2449 360 2494 nonnulli
392 2460 469 2488 rus
493 2446 674 2486 fortasse
705 2437 917 2481 mittendi.
979 2435 1038 2475 sic
1078 2430 1291 2472 discernet
1330 2427 1433 2466 haec
1475 2419 1641 2463 dicendi
1672 2432 1758 2457 ma-

117 2538 148 2562 35
168 2520 315 2576 gister,
349 2514 555 2571 quomodo
586 2507 864 2566 palaestricus
896 2503 967 2545 ille
1001 2513 1212 2543 cursorem
1234 2496 1361 2539 faciet
1385 2494 1455 2533 aut
1477 2488 1664 2544 pugilem
1688 2486 1760 2524 aut

264 2671 280 2701 1
306 2670 400 2701 bene
427 2676 448 2696 a
473 2665 515 2695 B:
543 2662 672 2693 idonea
698 2659 746 2689 ab
774 2656 909 2695 (buu
933 2651 977 2692 A)
1073 2649 1248 2680 dictorem
1274 2642 1313 2673 Β1
1410 2642 1428 2671 3
1455 2643 1485 2669 et
1512 2635 1700 2668 laudemA

173 2718 192 2748 6
218 2714 409 2757 plurimum
434 2710 463 2741 A
557 2710 574 2739 7
601 2702 811 2737 liinauerint
828 2699 867 2731 Βι
962 2700 982 2729 ὅ
1009 2689 1209 2735 gaudeant]
1229 2689 1380 2730 xeqstz'lztr
1405 2686 1437 2716 in
1461 2683 1522 2713 AB
1550 2682 1680 2713 titulus:
1706 2678 1761 2708 An

173 2760 371 2794 seeundum
396 2756 451 2790 sui
484 2754 637 2796 quisque
670 2747 796 2789 ingeni
827 2743 983 2786 (ingenii
1007 2740 1078 2779 Ab)
1112 2741 1279 2768 naturam
1307 2729 1491 2763 docendus
1518 2727 1564 2758 sit
1596 2725 1688 2765 (doc.
1716 2723 1764 2754 sit

175 2810 250 2837 nat.
276 2804 316 2845 B)
414 2803 451 2833 17
480 2797 626 2841 propria
644 2795 723 2826 AB:
752 2791 917 2833 propriae
936 2798 956 2818 a
1050 2787 1090 2816 is
1117 2782 1285 2813 fallerent
1303 2777 1342 2817 A,
1370 2776 1476 2806 malim
1501 2773 1714 2803 fouerentur

175 2853 216 2883 21
244 2850 516 2892 praeceptorem
541 2844 586 2874 B:
612 2844 825 2884 praeceptor
850 2835 905 2865 Ab
998 2833 1041 2863 24
1067 2828 1242 2862 maximae
1268 2824 1320 2862 Bg
1436 2821 1478 2850 25
1505 2816 1596 2858 quod
1624 2819 1660 2846 et
1684 2814 1761 2844 AB:

178 2896 271 2938 quod
297 2896 378 2927 dect.
477 2891 519 2922 26
545 2892 582 2920 et
609 2886 671 2928 qui
696 2884 773 2915 AB:
801 2884 837 2912 et
863 2881 893 2911 si
916 2880 936 2909 b
1032 2877 1175 2906 diuersa
1200 2870 1228 2900 A
1321 2869 1357 2898 in
1382 2866 1437 2896 his
1463 2864 1523 2894 AB
1642 2862 1681 2892 31
1709 2862 1763 2890 est

178 2943 214 2974 in
239 2941 268 2972 A
292 2941 324 2971 in
349 2948 419 2970 ras.
515 2936 556 2968 32
581 2932 754 2963 dilectum
781 2928 823 2958 B:
852 2924 1031 2956 delectum
1057 2921 1114 2953 Δς
1207 2916 1249 2947 34
1274 2910 1437 2944 discendi
1462 2910 1491 2940 A
