1939 3180
171 133 253 174 308
694 142 987 180 QUINTILIANJ
1019 143 1138 173 msr.
1174 143 1249 176 on..

77 243 155 284 152
172 245 509 287 meminerimus:
558 245 713 296 altera,
763 260 869 300 quae
907 247 971 286 est
1008 245 1054 285 in
1094 245 1334 286 differentia
1380 245 1587 300 partium,
1632 247 1680 286 ut
1724 246 1769 295 in

173 313 409 368 prooemio,
449 313 718 366 narratione,
762 313 1157 368 argumentatione,
1200 311 1389 368 epilogo:
1428 314 1555 354 tertia
1593 313 1637 354 in
1676 328 1768 354 sen-

173 381 321 423 tentiis
366 381 495 435 ipsis,
543 381 787 436 inquibus
832 381 1065 422 secundum
1111 396 1176 422 res
1223 384 1265 422 et
1309 381 1501 422 adfectus
1546 382 1770 422 uariantur

172 450 336 490 omnia:
369 451 521 504 quarta
552 449 597 490 in
629 449 783 503 uerbis,
818 448 996 504 quorum
1027 451 1075 490 ut
1097 452 1164 490 est
1181 449 1348 502 uitiosa,
1381 449 1415 489 si
1438 448 1606 490 efficere
1628 449 1770 490 omnia

174 518 373 571 uelimus,
415 518 621 572 imitatio,
662 518 724 558 ita
756 517 1009 572 quibusdam
1039 510 1229 568 nisisua
1260 508 1414 558 natura
1454 516 1663 571 redditur,
1705 517 1800 558 uisf

81 584 154 624 153
172 586 311 627 omnis
344 585 549 627 aufertur.
611 585 745 640 igitur
774 586 820 626 in
851 585 1182 638 laudationibus,
1214 585 1299 626 nisi
1331 585 1364 625 si
1396 585 1596 626 funebres
1628 588 1767 638 erunt,

77 1064 155 1103 1:34

171 655 408 708 gratiarum
442 655 623 707 actione,
657 654 977 707 exhortatione,
1012 654 1219 694 similibus
1250 653 1363 694 laeta
1394 656 1437 694 et
1466 653 1698 708 magnifica
1729 656 1771 694 et

171 722 364 764 sublimis
397 725 461 763 est
492 723 618 763 actio.
669 722 871 763 funebres
896 711 1130 775 contiones,
1154 721 1490 775 consolationes,
1524 721 1770 776 plerumque

173 805 323 832 causae
354 805 523 831 reorum
554 790 698 831 tristes
731 793 857 844 atque
888 790 1150 831 summissae.
1220 789 1264 830 in
1297 792 1447 830 senatu
1480 790 1770 831 conseruanda

172 859 417 912 auctoritaS,
452 858 562 913 apud
595 858 797 913 populum
830 858 1040 913 dignitas,
1082 858 1126 899 in
1160 858 1339 912 priuatis
1371 858 1531 899 modus.
1595 858 1644 899 de
1675 873 1769 912 par-

171 928 285 969 tibus
320 942 469 969 causae
502 929 544 968 et
575 927 801 968 sententiis
834 926 1078 981 uerbisque,
1112 941 1220 981 quae
1253 928 1359 968 sunt,
1381 926 1648 981 multiplicia,
1680 926 1769 982 plu-

173 996 289 1037 ribus
321 995 560 1036 dicendum.

286 1064 386 1105 Tria
417 1066 557 1105 autem
590 1066 805 1118 praestare
838 1064 964 1104 debet
994 1062 1308 1117 pronuntiatio:
1350 1063 1567 1117 conciliet,
1601 1078 1770 1118 persua-

175 1134 287 1187 deat,
321 1134 514 1186 moueat,
548 1133 700 1187 quibus
732 1134 886 1173 natura
920 1131 1138 1184 cohaeret,
1177 1132 1224 1171 ut
1256 1130 1383 1171 etiam
1415 1131 1611 1172 delectet.
1674 1146 1769 1173 con-

173 1202 333 1243 ciliatio
363 1201 452 1242 fere
486 1204 559 1242 aut
593 1200 960 1242 commendatione
992 1213 1170 1253 morum,
1205 1199 1275 1254 qui
1306 1199 1450 1240 nescio
1481 1199 1689 1254 quomodo
1721 1214 1769 1241 ex
1808 1210 1822 1233 Γ»

1791 870 1822 893 10

172 1285 274 1311 uoce
322 1260 451 1311 etiani
500 1272 626 1324 atque
672 1268 840 1310 actione
886 1268 1131 1322 perlucent,
1188 1269 1262 1308 aut
1306 1267 1512 1308 orationis
1559 1268 1808 1319 suauitate⁵

173 1341 364 1391 constat,
409 1337 692 1393 persuadendi
732 1337 797 1377 uis
838 1336 1154 1389 adfirmatione,
1195 1351 1300 1390 quae
1338 1336 1511 1376 interim
1542 1337 1636 1391 plus
1667 1336 1772 1391 ipsis

76 1407 154 1446 1:35
171 1406 496 1461 probationibus
530 1405 656 1446 ualet.
720 1420 782 1446 an
822 1405 947 1457 ista,
988 1404 1127 1458 inquit
1159 1404 1322 1446 Calidio
1355 1404 1524 1457 Cicero,
1567 1405 1608 1445 si
1645 1419 1770 1446 uera

74 1680 150 1719 15ss

77 2159 146 2199 lm

172 1477 371 1527 essent,
412 1474 487 1515 sic
520 1489 542 1515 a
577 1476 624 1514 te
656 1473 997 1514 dicerentur?
1037 1474 1098 1513 et:
1140 1474 1347 1513 tantum
1387 1472 1563 1513 abfuit
1602 1474 1655 1513 ut
1693 1473 1769 1513 in-

170 1543 478 1584 flammares
509 1544 727 1583 nostros
760 1540 986 1581 animos:
1028 1556 1259 1582 somnum
1296 1541 1400 1581 isto
1431 1541 1546 1581 loco
1578 1540 1665 1581 uix
1696 1543 1768 1582 te-

171 1611 439 1652 nebamus.
518 1610 671 1651 fiducia
714 1610 845 1665 igitur
892 1611 1098 1664 appareat
1141 1611 1182 1649 et
1223 1610 1487 1663 constantia,
1543 1609 1688 1664 utique
1735 1610 1770 1650 si

170 1680 404 1720 auctoritas
437 1679 595 1720 subest.
658 1678 858 1719 mouendi
891 1681 1033 1719 autem
1064 1677 1172 1718 ratio
1205 1679 1277 1718 aut
1314 1678 1360 1718 in
1398 1677 1771 1732 repraesentandis

173 1751 236 1789 cst
269 1750 342 1789 aut
371 1747 591 1788 imitandis
633 1747 884 1787 adfectibus.
954 1761 1055 1801 ergo
1097 1761 1191 1787 cum
1230 1745 1355 1786 iudex
1395 1745 1439 1786 in
1479 1746 1658 1800 priuatis
1698 1748 1772 1787 aut

171 1831 324 1870 praeco
357 1816 401 1856 in
434 1816 615 1870 publicis
656 1815 794 1856 dicere
835 1815 885 1856 de
925 1829 1053 1856 causa
1091 1814 1279 1867 iusserit,
1318 1813 1473 1854 leniter
1514 1828 1770 1868 consurgen-

1790 1551 1822 1576 20

174 1885 294 1925 dum:
336 1886 425 1924 tum
464 1884 509 1924 in
551 1883 843 1938 componenda
883 1886 986 1938 toga
1018 1884 1104 1935 uel,
1145 1883 1180 1923 si
1211 1896 1382 1923 necesse
1415 1882 1514 1935 erit,
1558 1882 1687 1922 etiam
1720 1896 1769 1922 ex
1790 1892 1821 1915 ‘2⁵

172 1952 343 2006 integro
375 1951 604 2006 inicienda,
636 1951 858 1992 dumtaxat
888 1952 932 1992 in
963 1951 1130 2003 iudiciis
1163 1950 1293 2005 (apud
1316 1950 1553 2004 principem
1585 1951 1697 1991 enim
1730 1952 1771 1991 et

173 2020 452 2075 magistratus
486 2022 525 2060 et
557 2020 788 2060 tribunalia
820 2034 906 2060 non
928 2019 1093 2074 licebit)
1125 2019 1299 2073 paulum
1322 2020 1385 2059 est
1407 2019 1768 2073 commorandum,

174 2092 221 2129 ut
263 2090 305 2128 et
345 2088 525 2129 amictus
566 2088 621 2128 sit
660 2088 878 2128 decentior
918 2091 960 2128 et
990 2087 1184 2142 protinus
1217 2086 1374 2141 aliquid
1413 2086 1540 2140 spatii
1572 2087 1623 2127 ad
1658 2087 1770 2141 cogi-

176 2156 368 2197 tandum.
432 2156 561 2197 etiam
595 2170 687 2196 cum
721 2156 771 2196 ad
804 2156 985 2196 iudicem
1016 2170 1092 2196 nos
1126 2154 1459 2196 conuerteriinns
1492 2157 1534 2195 et
1556 2155 1770 2195 consultus

175 2227 347 2277 praetor
387 2224 629 2278 permiserit
667 2225 827 2277 dicere,
871 2239 955 2264 non
995 2224 1189 2278 protinus
1229 2225 1291 2264 est
1332 2223 1656 2277 erumpendum,
1698 2223 1770 2264 scd

268 2365 316 2397 18.
346 2364 446 2399 brim
473 2366 526 2403 80,
555 2366 619 2395 278
647 2363 705 2404 (ex
733 2375 782 2395 or.
812 2375 844 2405 p.
872 2364 914 2402 Q.
943 2362 1094 2402 Gallio).

271 2491 283 2519 i
313 2489 431 2520 altera
458 2496 513 2520 cst
538 2490 573 2518 M
666 2490 686 2520 4
713 2492 846 2529 quarta
872 2499 1013 2529 quoque
1040 2488 1072 2524 b,
1101 2488 1187 2518 uude
1213 2487 1298 2518 voni.
1319 2486 1485 2526 Spaldim)
1504 2496 1536 2527 q.
1557 2486 1711 2527 denique

174 2537 192 2565 ὖ
220 2535 273 2564 ita
298 2545 359 2568 om,
384 2536 404 2564 b
504 2538 658 2565 naturae
685 2535 705 2564 b
800 2536 818 2564 G
845 2535 957 2573 igitur
983 2544 1042 2565 om.
1070 2534 1091 2563 b
1200 2534 1217 2563 ἶ
1245 2532 1449 2563 exhortatio
1477 2533 1495 2562 b
1590 2533 1769 2572 magnitu-

175 2580 326 2610 ‹liuifica
352 2581 384 2617 b,
414 2580 659 2619 magnitudini
686 2581 746 2610 FT
864 2580 883 2610 8
912 2578 1183 2609 consulationes
1208 2577 1244 2617 Β,
1274 2576 1563 2608 consultationes
1587 2578 1632 2614 Μ,
1660 2588 1721 2608 οη).
1748 2578 1769 2607 b

267 2628 285 2657 9
312 2635 452 2656 reorum
480 2627 532 2658 erl.
562 2626 707 2656 Aldina:
735 2624 881 2655 deorum
908 2625 975 2654 ΒΜ
1093 2625 1127 2653 11
1160 2633 1251 2664 quac
1279 2623 1316 2652 b:
1350 2634 1410 2653 0771.
1438 2623 1506 2653 ΒΜ
1623 2624 1662 2653 13
1690 2632 1766 2663 pro-

176 2671 367 2702 nunciatio
393 2671 442 2701 Bn
543 2672 580 2701 14
607 2671 824 2710 quibusnam
854 2670 935 2701 coli.
961 2671 994 2699 M
1096 2669 1270 2699 cohaeret
1294 2668 1319 2698 B
1345 2678 1436 2700 corr.
1462 2667 1660 2699 cohaereat
1684 2666 1768 2697 B¹M

267 2721 305 2746 ut
331 2717 416 2746 BM:
451 2727 512 2746 mn.
539 2718 601 2746 FT
740 2715 905 2746 delectet
931 2726 992 2747 om.
1018 2715 1066 2745 Bn
1094 2717 1166 2746 Im.
1191 2715 1255 2745 sed
1276 2716 1389 2754 spatio
1415 2723 1519 2743 maeno
1544 2713 1662 2743 relicto

178 2764 216 2792 1⁴¹,
244 2761 436 2803 perlucent
460 2762 544 2792 BM:
572 2760 761 2802 pclluccnt
785 2769 806 2794 ς
901 2760 1166 2791 :metm-ationis
1191 2760 1211 2789 b
1313 2760 1353 2789 18
1380 2757 1526 2789 callidio
1551 2759 1597 2795 M,
1627 2757 1721 2788 calio
1747 2759 1768 2788 b

269 2808 308 2838 10
337 2807 456 2837 abfuit
481 2807 559 2837 libri
588 2806 750 2837 Tulliani:
777 2806 883 2837 abest
900 2806 980 2844 ΒΜ,
1008 2814 1069 2835 nm.
1097 2805 1117 2834 b
1212 2805 1253 2834 22
1280 2802 1553 2845 repraestandis
1571 2802 1623 2841 Bg
1642 2805 1711 2833 lm.

175 2855 216 2883 ’.ξίὶ
244 2855 300 2883 cst
325 2855 364 2882 ut
389 2851 585 2884 {imitandis
612 2853 632 2882 b
726 2849 802 2892 aut]
832 2861 887 2882 ain
914 2852 934 2881 b
1049 2851 1089 2881 '24
1118 2853 1173 2881 est
1198 2847 1483 2889 consurgendum
1510 2848 1530 2877 b
1645 2849 1687 2879 ‘2ss
1716 2848 1767 2878 in-

176 2898 280 2934 iugus
307 2898 326 2927 b
421 2899 461 2928 27
489 2900 525 2927 et
551 2897 636 2928 trib.
662 2897 746 2929 BM:
776 2908 819 2927 ac
846 2896 930 2927 trib.
958 2904 979 2930 ς
1073 2899 1128 2925 cst
1154 2896 1239 2925 BM:
1267 2905 1327 2924 om.
1356 2895 1376 2923 b
1468 2895 1510 2924 23
1536 2896 1707 2933 protenus
1728 2894 1766 2932 B,

174 2943 237 2971 xml
260 2945 360 2981 pamla
387 2948 465 2982 γωδ-ί
491 2944 655 2983 protinus
683 2942 747 2973 (sit
774 2945 865 2983 prot.
888 2939 1058 2981 Gallamzs)
1131 2940 1173 2970 ad
1202 2938 1436 2977 cogitandum
1463 2939 1654 2978 contingat
1680 2941 1766 2971 νυηῖ.

176 2988 343 3028 ΝμηΙιΙίηῃ
436 2989 478 3018 29
505 2991 802 3018 conucrtcrmnus
828 2989 890 3017 Mb
1008 2986 1051 3016 :30
1077 2983 1236 3027 praetor]
1264 2984 1307 3030 [ἦ
1330 2985 1355 3014 Β
1387 2984 1688 3026 (praetermiserit
1716 2984 1766 3025 M)

1789 2233 1822 2255 52⁴»
