1939 3180
199 99 281 140 302
719 102 1012 145 QUINTILIANI
1045 103 1164 134 INST.
1199 104 1273 133 OR.

199 211 381 265 repetito
411 209 524 250 ultra
553 209 723 249 laeuum
753 222 946 248 umerum
978 208 1103 261 gestu
1133 207 1193 247 ita
1224 206 1270 246 in
1300 207 1469 259 tergum
1500 202 1712 258 flagellet,
1751 204 1799 243 ut

199 278 432 320 consistere
463 279 561 331 post
592 291 686 317 eum
717 290 868 330 parum
898 277 1041 316 tutum
1063 275 1132 328 sit,
1167 276 1241 314 aut
1259 273 1482 314 sinistrum
1504 270 1632 312 ducat
1653 270 1798 312 orbem

201 348 275 387 aut
304 348 462 387 temere
494 359 643 399 sparsa
673 359 802 384 manu
824 344 870 384 in
891 343 1105 397 proximos
1127 341 1315 383 offendat
1337 342 1409 381 aut
1429 339 1618 381 cubitum
1638 340 1798 379 utrum-

104 420 184 460 119
201 428 282 469 que
312 414 358 454 in
390 413 603 454 diuersum
632 412 745 453 latus
776 411 968 464 uentilet,
1001 425 1127 464 saepe
1160 409 1247 451 scio
1280 408 1464 450 euenire.
1526 406 1678 457 ‘'ssolet
1709 420 1798 447 esse

201 485 243 522 et
272 482 398 536 pigra
429 484 472 521 et
501 480 670 535 trepida
701 481 743 520 et
763 479 926 520 secanti
948 478 1115 532 similis,
1144 477 1315 519 interim
1344 476 1473 516 etiam
1493 474 1615 515 uncis
1637 473 1797 528 digitis,
1819 489 1835 513 5

201 560 241 591 ut
273 551 347 589 aut
378 564 402 589 a
434 548 573 602 capite
604 548 811 589 deiciatur
842 549 916 587 aut
947 546 1092 587 eadem
1119 536 1254 586 'manu
1286 543 1485 597 supinata
1516 541 1560 582 in
1582 541 1801 596 superiora

200 618 396 658 iactetur.
438 617 487 657 fit
518 618 560 657 et
590 616 661 657 ille
693 633 711 657 ηε
732 636 747 656 *
781 615 866 669 qui,
900 614 1108 655 inclinato
1139 613 1184 654 in
1215 626 1407 653 umerum
1429 611 1623 651 dextrum
1645 609 1798 664 capite,

204 684 379 726 brachio
411 684 463 724 ab
496 699 596 725 aure
627 686 849 738 protenso,
889 696 1063 723 inanum
1102 681 1259 735 infesto
1290 679 1442 734 pollice
1474 678 1684 719 extendit:
1731 677 1799 732 qui

202 754 370 808 quidem
401 753 584 793 maxime
614 752 757 806 placet
786 751 859 804 iis,
901 750 971 804 qui
1011 764 1054 790 se
1093 750 1242 790 dicere
1264 748 1429 789 sublata
1460 761 1590 787 manu
1621 746 1799 786 iactant.

108 822 360 868 120adicias
391 821 493 862 licet
523 835 613 874 005,
652 820 722 874 qui
755 819 991 860 sententias
1028 817 1240 858 uibrantis
1272 816 1418 871 digitis
1457 814 1698 855 iaculantur
1728 816 1803 854 aut
1823 829 1853 853 ιο

204 905 333 930 manu
365 888 532 930 sublata
563 887 822 928 denuntiant
853 888 946 940 aut,
988 886 1098 940 quod
1129 900 1206 940 per
1236 899 1280 925 se
1310 883 1482 925 interim
1514 881 1800 936 recipiendum

205 960 282 1012 est,
315 957 512 1011 quotiens
544 955 702 1010 aliquid
734 955 836 1009 ipsis
858 954 1036 1009 placuit,
1070 954 1114 994 111
1137 953 1293 1007 unguis
1316 952 1552 1007 eriguntur,
1586 950 1657 991 sed
1679 950 1803 991 uitio-

205 1041 297 1067 sum
328 1025 370 1065 id
401 1025 568 1066 faciunt
600 1025 675 1064 aut
713 1023 867 1078 digito,
908 1025 1114 1077 quantum
1154 1021 1384 1075 plurimum
1423 1021 1622 1073 possunt,
1663 1020 1802 1059 erecto

204 1096 278 1135 aut
309 1093 438 1134 etiam
470 1093 645 1146 (luobus,
680 1094 755 1132 aut
784 1093 964 1145 utraque
995 1105 1125 1131 manu
1157 1090 1210 1130 ad
1241 1089 1412 1129 modum
1443 1086 1599 1141 aliquid
1630 1088 1802 1141 portan-

108 1170 180 1209 121
203 1164 311 1204 tium
343 1161 590 1215 composita.
652 1160 718 1201 his
750 1159 959 1200 accedunt
995 1159 1102 1199 uitia
1141 1172 1228 1198 non
1267 1158 1468 1209 naturae,
1510 1154 1581 1195 sed
1618 1154 1802 1209 trepida-
1825 1171 1855 1196 15

204 1230 355 1284 tionis,
406 1244 499 1270 cum
538 1243 609 1269 ore
650 1229 929 1269 concurrente
968 1226 1118 1267 rixari:
1166 1226 1201 1266 si
1239 1224 1443 1265 memoria
1481 1222 1685 1263 fefellerit
1731 1225 1804 1263 aut

207 1299 408 1354 cogitatio
439 1312 526 1338 11011
558 1296 835 1351 suffragetur,
877 1295 995 1349 quasi
1034 1294 1229 1335 faucibus
1269 1291 1430 1346 aliquid
1467 1291 1700 1344 obstiterit,
1741 1291 1824 1331 in:

206 1381 377 1409 sonare:
417 1366 463 1406 in
495 1365 719 1405 aduersum
749 1366 917 1418 tergere
949 1377 1095 1416 nares,
1139 1360 1413 1403 obambulare
1444 1373 1636 1400 sermone
1664 1359 1804 1413 inper—

206 1437 343 1489 fecto,
384 1434 580 1475 resistere
619 1432 759 1473 subito
799 1435 841 1472 et
876 1431 1044 1472 laudem
1077 1430 1248 1471 silentio
1287 1443 1481 1483 poscere,
1523 1441 1629 1482 quae
1661 1427 1804 1468 omnia

100 1514 190 1555 -122
208 1503 402 1559 persequi
433 1516 564 1557 prope
594 1500 813 1541 infinitum
844 1502 927 1540 est:
960 1514 1035 1539 sua
1067 1499 1180 1539 enim
1203 1498 1352 1552 cuique
1374 1498 1473 1537 sunt
1494 1496 1614 1537 uitia.
1655 1497 1804 1549 pectus
1823 1512 1857 1536 20

210 1587 259 1613 ac
281 1573 431 1612 uenter
451 1585 506 1611 ne
537 1568 816 1623 proiciantur,
850 1566 1183 1608 obseruandum:
1215 1565 1411 1620 pandant
1433 1564 1546 1605 enim
1568 1563 1805 1618 posteriora

209 1642 252 1681 et
288 1642 353 1680 est
390 1639 534 1679 odiosa
572 1636 708 1678 omnis
748 1635 972 1690 supinitas.
1041 1634 1176 1675 latera
1216 1648 1310 1675 cuin
1350 1635 1473 1688 gestu
1512 1631 1804 1673 consentiant:

208 1708 314 1749 facit
345 1707 457 1748 enim
490 1705 648 1760 aliquid
680 1707 722 1745 et
751 1704 883 1745 totius
916 1703 1102 1757 corporis
1134 1705 1286 1756 motus,
1321 1702 1424 1742 adeo
1455 1703 1502 1742 ut
1533 1700 1680 1742 Cicero
1710 1699 1804 1754 plus

208 1777 281 1817 illo
313 1776 385 1830 agi
415 1789 541 1829 quam
572 1773 768 1814 inanibus
800 1771 903 1826 ipsis
942 1773 1075 1825 putet.
1143 1771 1205 1811 ita
1243 1770 1357 1810 enim
1396 1769 1500 1810 dicit
1529 1768 1574 1809 in
1606 1768 1804 1808 Oratore:

209 1844 387 1885 nullae
420 1842 664 1897 argutiae
696 1841 1005 1894 digitorum,
1039 1853 1140 1880 non
1173 1838 1233 1879 ad
1254 1851 1522 1878 numerum
1544 1836 1804 1877 articulus
1824 1852 1856 1876 Ξῖ,

212 1913 424 1966 cadens,
465 1913 656 1951 trunco
695 1908 859 1962 magis
890 1909 1002 1948 toto
1034 1921 1085 1948 se
1123 1906 1237 1962 ipse
1267 1905 1543 1946 moderans
1576 1906 1624 1944 et
1654 1903 1804 1944 uirili

115 1980 440 2021 fflsslaterum
472 1978 724 2020 flexione.
787 1976 924 2016 femur
954 1975 1094 2029 ferire,
1126 1975 1236 2029 quod
1257 1973 1442 2015 Athenis
1462 1972 1624 2028 primus
1654 1972 1805 2012 fecisse

300 2110 355 2140 24.
383 2118 415 2139 c.
443 2109 496 2148 18,
523 2107 576 2138 59.

304 2226 318 2255 1
348 2222 498 2264 repitito
523 2222 543 2251 b
640 2222 692 2250 ita
718 2218 896 2250 interdum
923 2218 942 2248 b
1049 2219 1068 2248 ⁸2
1095 2217 1316 2247 consisteret
1340 2215 1360 2246 b
1456 2215 1505 2246 sit
1530 2225 1577 2245 an
1603 2215 1669 2246 sin.
1694 2213 1714 2244 b

212 2273 230 2300 5³.
258 2273 392 2300 temere
418 2269 455 2298 b:
484 2267 611 2297 timere
638 2266 707 2295 ΒΜ
812 2264 1010 2305 proximoq.
1038 2262 1213 2294 defendat
1237 2263 1257 2292 b
1372 2262 1393 2292 4
1418 2259 1592 2292 uentitlct
1616 2261 1635 2290 b
1753 2262 1804 2290 et-

212 2317 336 2347 uenirc
362 2315 426 2353 Bg,
454 2323 540 2354 sepe
566 2312 692 2342 uenire
718 2311 737 2340 b
833 2308 927 2340 solet
952 2306 1029 2350 ela]
1056 2310 1139 2340 leae(-
1165 2318 1228 2339 non
1255 2318 1339 2338 suna
1365 2317 1439 2337 csse
1456 2311 1549 2337 recte
1567 2308 1690 2336 monuit
1704 2304 1804 2345 Spal-

212 2363 291 2401 ding]
385 2362 404 2390 5
431 2357 579 2389 secandi
604 2357 650 2395 M,
677 2366 801 2387 seuam
827 2355 846 2385 b
941 2355 1087 2385 interim
1112 2353 1155 2383 B:
1183 2354 1278 2383 inter
1303 2353 1348 2391 M,
1375 2363 1434 2383 om.
1459 2352 1479 2381 b
1574 2349 1699 2381 dicitis
1723 2351 1743 2380 b

213 2410 231 2438 (5
257 2412 296 2437 ut
321 2406 453 2436 addidi!
480 2403 658 2444 Spalding),
683 2402 745 2432 scd
769 2405 846 2431 {tute
872 2400 975 2430 uncis
1104 2403 1167 2429 aut
1193 2408 1213 2429 a
1238 2398 1323 2428 BM:
1351 2401 1413 2428 aut
1438 2398 1458 2427 b
1590 2406 1700 2427 manu
1724 2395 1805 2434 ΒΜ,

215 2461 342 2482 manus
367 2452 410 2481 (cl.
439 2459 547 2479 manu
573 2449 696 2479 deleuit
716 2446 911 2484 Buttmann,
940 2446 996 2485 qui
1020 2446 1061 2476 (Ie
1087 2447 1159 2476 Ioco
1186 2444 1372 2485 displclazcil
1390 2442 1461 2482 IV,
1482 2443 1546 2472 714
1565 2443 1617 2472 ecl.
1637 2441 1758 2481 Spsclcl.

212 2499 388 2537 superata
415 2497 491 2534 (01η.
520 2496 555 2524 111
584 2493 719 2534 super.)
746 2492 905 2522 iactetur
923 2491 958 2519 M
1035 2492 1052 2521 7
1080 2489 1140 2520 ille
1169 2489 1229 2530 qui
1255 2488 1431 2519 inclinato
1456 2488 1543 2517 BM:
1571 2486 1634 2517 ille
1660 2486 1805 2517 habitus

214 2543 273 2582 qui
301 2552 380 2573 0550
408 2541 444 2570 111
471 2539 603 2570 statuis
629 2536 845 2579 pacificator
871 2536 965 2567 solet
991 2535 1052 2566 ille
1081 2536 1139 2576 qui
1168 2534 1346 2565 inclinato
1372 2534 1393 2563 b
1425 2544 1471 2563 eae
1503 2536 1626 2572 aperta
1659 2533 1806 2572 interpo-

214 2589 338 2618 latione
372 2584 423 2627 (in
451 2585 583 2615 statuis
614 2582 855 2614 iaculatorum
888 2581 1018 2622 Teuffel
1048 2582 1079 2611 in
1108 2581 1243 2611 Annall.
1274 2579 1391 2619 philol.
1416 2577 1629 2609 Fleclaez'seni
1661 2578 1725 2608 nol.
1751 2577 1804 2614 85),

214 2646 247 2673 μ.
269 2634 364 2672 341),
387 2632 471 2671 [ονί.
500 2630 559 2660 illc
587 2632 712 2670 gestus
738 2628 798 2668 qui
825 2626 909 2658 incl.
1003 2627 1022 2657 8
1049 2626 1184 2657 infesto
1210 2626 1247 2655 b:
1274 2624 1410 2655 infeste
1437 2624 1474 2664 B,
1502 2622 1655 2653 infestet
1680 2623 1715 2651 M

214 2677 398 2719 protendit
422 2677 442 2706 b
537 2679 556 2706 ¹.)
583 2674 766 2715 placentis
793 2672 853 2711 qui
879 2672 949 2701 ΒΜ
1046 2674 1085 2702 14)
1111 2671 1251 2701 adiciat
1276 2670 1313 2708 B,
1342 2669 1507 2700 adiciant
1534 2668 1575 2706 M,
1603 2678 1660 2699 em.
1683 2666 1804 2707 Heyt'us

303 2722 488 2753 uibrantis
512 2721 551 2751 b:
578 2719 734 2750 [libratis
759 2718 827 2748 BM
921 2717 1045 2748 dicitis
1069 2717 1089 2747 b
1200 2717 1237 2746 11
1267 2714 1413 2746 sublatu
1437 2715 1457 2744 b
1552 2715 1614 2743 aut
1638 2713 1690 2750 Bg
1714 2721 1804 2744 corr.

214 2780 259 2799 ικι·
285 2773 323 2798 ut
420 2768 456 2797 12
484 2765 623 2807 placuit
649 2765 685 2795 in
713 2775 774 2795 om.
800 2764 834 2793 M
928 2762 1058 2803 unguis
1083 2762 1127 2792 B:
1157 2760 1276 2801 iungis
1301 2761 1348 2799 M,
1375 2768 1515 2797 ungues
1540 2767 1561 2793 ς
1662 2756 1805 2796 erigan-

215 2820 272 2843 tur
296 2814 316 2843 b
412 2814 452 2843 13
479 2814 654 2852 quantum
678 2810 717 2840 b:
745 2811 881 2850 quanto
907 2809 975 2838 BM
1062 2808 1117 2837 '14
1144 2810 1263 2837 autem
1292 2805 1401 2836 etiam
1427 2805 1447 2834 b
1566 2802 1605 2834 15
1633 2802 1806 2832 accidunt

216 2860 279 2888 Mb
374 2862 505 2888 natura
531 2857 550 2886 b
646 2857 685 2885 113
712 2856 857 2885 cssmorc
883 2854 953 2883 BM
1047 2854 1277 2883 conterrentc
1303 2851 1337 2879 M
1432 2850 1471 2880 17
1497 2848 1668 2879 insanare
1694 2848 1714 2877 b

222 2907 256 2933 1⁴.)
284 2903 390 2934 laude
417 2904 436 2932 b
531 2903 570 2932 21
600 2900 762 2942 pandent
787 2901 822 2929 M
938 2901 979 2929 2²2
1006 2898 1124 2928 otiosa
1150 2898 1170 2927 b
1264 2895 1455 2936 supinatas
1481 2893 1518 2934 B,
1546 2893 1716 2934 supinata
1743 2892 1804 2921 Mb

308 2950 344 2978 21
377 2949 435 2987 agi
462 2948 514 2985 Bg
540 2958 630 2980 eurr,
658 2958 703 2977 e.1·
731 2945 788 2985 ogi
