1939 3228
780 159 862 189 xii.
905 156 959 201 11,
982 156 1000 185 2
1011 172 1064 177 —
1079 155 1133 188 12.
1668 143 1749 186 361

161 261 425 303 tentionibus
455 259 614 301 famam
644 260 690 301 in
719 261 812 301 tuto
845 260 1063 301 collocarit
1093 261 1136 301 et
1166 259 1322 301 sentiet
1351 259 1475 300 uiuus
1506 272 1613 312 eam,
1646 272 1752 313 quae

161 331 260 384 post
289 328 380 369 fata
409 328 621 383 praestari
650 328 788 383 magis
820 328 941 382 solet,
973 327 1309 382 uenerationem,
1343 328 1386 368 et
1415 326 1514 382 quid
1547 326 1659 381 apud
1679 340 1752 380 po-

163 399 297 438 steros
326 396 494 438 futurus
525 395 582 437 sit
611 395 786 437 uidebit.

278 464 483 507 Conscius
523 478 615 505 sum
651 463 778 518 mihi,
821 466 1023 519 quantum
1065 463 1358 505 mediocritate
1388 463 1523 517 ualui,
1562 465 1791 518 quaequeS

164 535 293 574 antea
324 532 492 574 scierim
523 546 713 586 quaeque
744 533 883 587 operis
913 532 1087 582 huiusce
1119 531 1260 586 gratia
1290 531 1502 585 potuerim
1522 531 1750 585 inquirere,

165 600 344 642 candide
383 614 450 641 me
488 601 615 654 atque
655 599 906 654 simpliciter
936 599 981 640 in
1019 599 1219 640 notitiam
1258 613 1421 653 eorum,
1461 599 1497 640 si
1534 599 1605 653 qui
1642 598 1753 639 forte

164 682 420 724 cognoscere
450 667 707 721 uoluissent,
741 667 982 722 protulisse.
1045 669 1170 722 atque
1200 666 1247 707 id
1274 667 1365 707 uiro
1394 667 1507 708 bono
1538 666 1642 707 satis
1673 668 1751 720 est,

136 736 356 794 *docuisse
386 735 497 791 quod
528 735 685 777 scierit.
746 750 895 777 uereor
925 737 1085 788 tamen,
1117 749 1172 776 ne
1204 736 1277 776 aut
1306 748 1466 789 magna
1495 733 1673 775 nimium
1693 734 1754 775 ui-
1768 738 1793 777 9

112 888 143 913 10

163 806 264 846 dear
294 804 476 859 exigere,
511 804 582 858 qui
613 804 793 845 eundem
823 803 962 844 uirum
991 803 1151 845 bonum
1182 817 1272 844 esse
1303 804 1346 844 et
1376 802 1543 844 dicendi
1570 802 1754 856 peritum

161 873 312 925 uelim,
353 874 426 913 aut
455 871 611 926 multa,
653 871 725 926 qui
764 873 829 912 tot
866 871 1026 912 artibus
1058 871 1103 912 in
1133 871 1317 925 pueritia
1347 869 1559 912 discendis
1589 884 1754 911 morum

163 955 326 996 quoque
356 941 586 994 praecepta
617 941 660 980 et
690 939 913 980 scientiam
943 939 1047 980 iuris
1080 939 1216 980 ciuilis
1254 941 1423 994 praeter
1455 953 1524 992 ea,
1566 953 1672 993 quae
1703 938 1753 980 de

163 1007 406 1063 eloquentia
435 1007 730 1061 tradebantur,
765 1007 1005 1062 adiecerim,
1039 1007 1193 1062 quique
1221 1007 1327 1049 haec
1358 1007 1474 1062 operi
1505 1009 1652 1048 nostro
1682 1021 1752 1048 ne-

164 1076 346 1118 cessaria
376 1089 466 1116 esse
499 1075 776 1129 crediderint,
817 1075 935 1116 uelut
965 1090 1126 1117 moram
1163 1075 1225 1117 rei
1254 1074 1584 1130 perhorrescant
1614 1078 1655 1116 et
1686 1075 1754 1116 de-

163 1146 336 1200 sperent
367 1145 467 1184 ante
499 1143 850 1198 experimentum.
894 1144 965 1198 qui
986 1144 1170 1198 primum
1191 1143 1441 1184 renuntient
1463 1143 1557 1197 sibi,
1591 1145 1822 1197 quantam

128 1228 143 1253 5
163 1215 219 1255 sit
248 1211 426 1253 humani
457 1211 621 1266 ingenii
652 1211 730 1266 uis,
772 1226 898 1266 quam
929 1214 1081 1266 potens
1114 1211 1327 1253 efficiendi
1358 1226 1465 1266 quae
1495 1211 1619 1266 uelit,
1660 1226 1754 1253 cum

162 1281 298 1322 maria
328 1279 527 1334 transire,
561 1280 745 1321 siderum
777 1294 922 1321 cursus
944 1294 1225 1335 numerosque
1249 1293 1518 1334 cognoscere,
1551 1280 1755 1321 mundum

160 1350 301 1404 ipsum
331 1362 467 1403 paene
499 1348 686 1389 dimetiri
716 1348 924 1401 minores,
966 1348 1038 1389 sed
1077 1348 1338 1389 difficiliores
1377 1350 1488 1388 artes
1519 1349 1752 1402 potuerint.

161 1420 253 1459 tum
285 1417 491 1472 cogitent,
525 1418 729 1471 quantam
760 1431 848 1457 rem
880 1418 1033 1470 petant
1063 1431 1273 1471 quamque
1304 1415 1445 1457 nullus
1477 1416 1532 1458 sit
1559 1416 1638 1457 hoc
1660 1431 1754 1471 pro-

161 1485 299 1540 posito
338 1484 527 1539 praemio
567 1484 687 1525 labor
725 1484 996 1525 recusandus.
1066 1484 1176 1538 quod
1215 1484 1249 1525 si
1288 1486 1431 1525 mente
1464 1485 1819 1539 conceperint,ll

111 1553 261 1595 -2ohuic
293 1567 456 1608 quoque
487 1552 601 1607 parti
632 1552 799 1594 facilius
832 1553 1047 1606 accedent,
1088 1555 1136 1593 ut
1166 1552 1305 1607 ipsum
1336 1552 1417 1593 iter
1446 1567 1583 1607 neque
1614 1553 1755 1610 inper-

110 1910 142 1935 25

161 1622 279 1663 uium
310 1635 447 1676 neque
478 1621 630 1662 saltem
661 1621 811 1662 durum
842 1623 1009 1675 putent.
1053 1636 1152 1662 nam
1183 1621 1239 1675 id,
1273 1621 1383 1675 quod
1414 1621 1530 1675 prius
1562 1621 1755 1676 quodque

161 1690 298 1731 maius
330 1692 407 1743 est,
441 1692 488 1730 ut
518 1689 619 1730 boni
651 1689 729 1730 uiri
763 1689 907 1742 simus,
941 1689 1161 1730 uoluntate
1192 1689 1375 1729 maxime
1408 1690 1596 1730 constat:
1629 1703 1755 1743 quam

161 1758 234 1812 qui
264 1772 366 1799 uera
394 1756 476 1798 fide
507 1757 715 1810 induerit,
753 1757 880 1798 facile
913 1771 1004 1810 eas,
1045 1771 1151 1811 quae
1191 1757 1396 1798 uirtutem
1434 1756 1609 1811 docent,
1650 1757 1754 1798 artis

161 1825 357 1880 accipiet.
418 1839 554 1879 neque
586 1824 700 1865 enim
731 1827 804 1866 aut
833 1827 922 1866 tam
953 1825 1154 1879 perplexa
1187 1827 1260 1866 aut
1289 1827 1378 1865 tam
1401 1839 1626 1866 numerosa
1656 1826 1822 1866 sunt12

162 1908 270 1948 quae
300 1893 637 1948 praecipiuntur,
669 1895 716 1934 ut
747 1907 834 1934 non
865 1907 1095 1947 paucorum
1128 1893 1353 1934 admodum
1385 1908 1594 1934 annorum
1616 1893 1756 1934 inten-

160 1962 277 2003 tione
304 1961 537 2002 discantur.
597 1961 773 2016 longam
804 1961 917 2002 enim
949 1961 1055 2002 facit
1085 1975 1271 2015 operam,
1305 1961 1415 2016 quod
1446 1976 1756 2016 repugnamus:

161 2030 300 2071 breuis
333 2032 397 2071 est
426 2029 643 2070 institutio
675 2029 788 2070 uitae
820 2029 1024 2070 honestae
1055 2029 1310 2084 beat-aeque,
1344 2030 1377 2070 si
1412 2029 1535 2071 cedas
1566 2038 1754 2071 naturae.

161 2100 317 2138 natura
348 2097 462 2138 enim
491 2112 569 2138 nos
601 2098 653 2138 ad
684 2100 872 2138 mentem
910 2097 1116 2151 optimam
1156 2098 1328 2152 genuit,
1370 2097 1557 2152 adeoque
1596 2098 1781 2148 disceres

160 2166 336 2207 meliora
366 2165 609 2207 uolentibus
640 2167 856 2219 promtum
887 2167 963 2218 est,
996 2168 1044 2206 ut
1064 2179 1163 2206 uere
1184 2166 1370 2206 intuenti
1400 2166 1555 2206 mirum
1576 2166 1632 2207 sit
1652 2166 1757 2207 illud

254 2363 270 2392 1
299 2361 398 2392 sama
423 2361 450 2391 G
566 2360 699 2392 sentiet
725 2359 887 2392 Obrecht:
913 2361 1099 2393 sententia
1125 2364 1162 2392 et
1188 2362 1253 2399 GS‚
1281 2361 1426 2392 senciat
1453 2365 1489 2393 et
1514 2362 1549 2391 Μ
1652 2361 1756 2393 uiuos

163 2418 207 2439 ea
233 2408 270 2446 G,
296 2407 333 2437 in
359 2416 424 2438 nos
451 2416 531 2437 eam
556 2407 575 2436 S
668 2408 687 2436 ‘3
714 2409 796 2447 post
822 2406 923 2437 faeta
950 2407 1045 2437 GMS
1139 2406 1234 2438 solet
1261 2410 1297 2438 et
1322 2406 1415 2437 GMS
1515 2408 1534 2437 6
1562 2417 1605 2438 ac
1630 2408 1666 2437 M

164 2453 225 2494 qui
251 2464 311 2484 om.
339 2453 374 2482 M
502 2453 519 2483 7
547 2453 651 2492 atqui
676 2450 841 2492 Spalding]
971 2453 991 2483 8
1018 2452 1145 2483 scierit
1170 2453 1213 2483 G:
1242 2452 1377 2483 scieret
1400 2452 1446 2490 M,
1473 2453 1587 2484 sciret
1613 2453 1666 2483 ST

163 2508 295 2538 magno
321 2498 340 2527 S
436 2498 476 2529 13
501 2507 636 2528 moram
663 2496 865 2528 Buttmann:
892 2507 1025 2528 morem
1051 2499 1089 2536 G,
1117 2507 1253 2528 morum
1280 2498 1310 2535 S,
1338 2497 1481 2538 pondus
1504 2498 1539 2527 Μ
1564 2502 1595 2528 et
1620 2499 1702 2529 dell.

165 2545 204 2574 14
232 2543 522 2584 experimentum
549 2546 588 2573 tu
614 2540 668 2582 (tu
696 2543 771 2583 MS)
800 2543 859 2583 qui
885 2543 981 2572 GMS
1050 2543 1134 2581 sort.
1162 2545 1442 2584 repraesentent
1466 2543 1536 2574 sibi
1638 2544 1677 2574 15
1704 2543 1757 2573 in-
1788 2548 1798 2554 ’

163 2589 249 2630 geni
274 2589 300 2619 G
397 2589 436 2618 16
462 2588 619 2619 materia
644 2588 663 2617 S
759 2589 798 2618 17
826 2587 993 2619 demetiri
1019 2589 1038 2618 S
1131 2588 1290 2619 minores
1318 2590 1354 2618 ct
1378 2589 1414 2617 M
1508 2587 1705 2620 difficiores
1731 2589 1757 2618 G

254 2636 296 2666 20
319 2634 404 2673 fort.
429 2633 513 2664 huic
540 2643 682 2674 quoque
710 2633 875 2674 opinioni
991 2635 1031 2664 ‘21
1059 2633 1158 2674 prius
1185 2634 1260 2665 edd.
1287 2638 1366 2666 vett.
1394 2633 1469 2674 piu'
1496 2633 1532 2669 G,
1560 2634 1665 2675 peius
1689 2634 1756 2663 MS

254 2689 395 2721 quoque
423 2681 478 2710 est
502 2680 620 2710 maius
645 2679 665 2708 S
787 2679 829 2709 ‘2⁶2
855 2678 925 2709 uiri
951 2679 1058 2710 simul
1084 2679 1277 2710 uoluntate
1304 2676 1547 2719 (uoluntatem
1573 2679 1654 2719 GM)
1681 2689 1755 2710 ma-

162 2725 256 2756 xime
285 2728 456 2756 constant
481 2725 592 2761 GMS,
619 2734 678 2755 em.
704 2725 737 2754 in
764 2725 840 2755 edd.
868 2729 949 2755 nelt.
1067 2725 1108 2756 23
1134 2723 1321 2755 induerint
1346 2724 1372 2754 G
1398 2725 1468 2756 Im.
1573 2734 1634 2755 eas
1661 2734 1755 2765 quae

163 2781 242 2803 nos:
270 2769 493 2810 easdemque
519 2770 629 2809 GMS,
658 2779 720 2800 cas
746 2769 842 2800 idem
869 2780 963 2810 quae
990 2769 1172 2800 Buttmann
1290 2772 1389 2800 artes
1417 2769 1605 2810 accipient
1630 2770 1666 2799 M

163 2817 205 2847 ⁴25
233 2825 326 2856 quae
354 2826 414 2847 om.
435 2817 454 2846 S
548 2815 827 2856 praecipiuntur
847 2814 1048 2846 Buttmann:
1075 2816 1310 2856 praemuntur
1328 2815 1393 2852 GS⁷
1420 2818 1588 2855 premunt
1605 2816 1650 2853 M,
1677 2825 1757 2856 pro—

163 2865 308 2892 muntur
333 2860 480 2892 Bmmell
572 2860 613 2891 26
639 2859 786 2901 longam
813 2860 907 2891 enirn
934 2861 1010 2891 edd.
1039 2865 1118 2891 mett.
1146 2859 1290 2900 longam
1317 2860 1396 2890 inea-1
1421 2861 1466 2899 G,
1493 2860 1612 2901 legem
1638 2870 1756 2891 meam

163 2907 226 2936 MS
252 2911 285 2937 et
309 2907 391 2937 dell.
486 2907 527 2937 ⁵27
553 2906 724 2936 instituto
750 2906 816 2945 GS‚
843 2905 1006 2936 instituti
1030 2906 1066 2935 M
1158 2903 1274 2945 uitae]
1300 2906 1377 2936 iure
1403 2907 1422 2936 S
1501 2905 1530 2936 si
1557 2905 1665 2936 cedas
1691 2915 1755 2936 na-

163 2955 268 2982 turae
297 2951 427 2982 Christ:
459 2951 489 2982 si
517 2950 643 2982 credas
675 2950 752 2982 libri
888 2952 930 2982 29
961 2953 1141 2992 promtum
1166 2950 1209 2982 G:
1238 2953 1441 2992 promptum
1469 2951 1499 2989 S,
1527 2953 1695 2992 proptum
1720 2951 1756 2981 M

257 3006 343 3028 uero
370 2997 390 3026 S
484 2996 651 3028 intuendi
677 2996 732 3026 GS
