1939 3228
765 152 847 182 ΧΠ.
883 148 938 194 10,
965 148 1139 181 53—6-2.
1663 140 1746 182 355

273 251 424 293 Altera
455 254 518 293 est
549 252 713 307 diuisio,
747 268 850 307 quae
879 254 926 294 in
955 254 1033 294 tris
1064 253 1198 308 partis
1231 255 1273 294 et
1301 253 1395 307 ipsa
1426 252 1624 307 discedit,
1665 268 1746 308 qua
1759 253 1813 295 58

161 319 346 361 discerni
390 332 512 375 posse
554 320 683 361 etiam
724 323 838 362 recte
881 321 1049 362 dicendi
1097 336 1255 377 genera
1296 321 1409 362 inter
1449 336 1494 362 se
1531 321 1744 362 uidentur.

161 402 345 442 namque
376 402 508 429 unum
539 388 757 442 subtile,
799 389 908 443 quod
940 389 1083 441 ἰεχνόν
1114 391 1290 443 uocant,
1331 389 1511 430 alterum
1548 389 1746 444 grande

161 457 287 510 atque
318 456 608 507 robustum,
649 457 759 511 quod
790 457 922 508 ἁδρόν
954 457 1120 511 dicunt,
1156 458 1432 511 constituunt,
1470 457 1643 498 tertium
1675 457 1747 497 alii

125 539 141 563 5
160 523 383 564 medium
414 539 464 565 ex
496 524 670 578 duobus,
704 524 775 565 alii
805 524 1057 565 floridum
1089 525 1292 579 (namque
1321 525 1364 565 id
1395 525 1583 577 ἀνθηρόν
1606 524 1747 579 appel-

109 878 141 903 10

103 1557 137 1583 20

158 590 269 644 lant)
302 591 568 633 addiderunt.
630 606 807 646 quorum
838 594 984 632 tamen
1015 606 1064 633 ea
1093 591 1183 632 fere
1214 593 1322 633 ratio
1354 594 1437 647 est,
1479 595 1527 634 ut
1564 593 1747 647 primum
1760 592 1814 633 59

159 658 352 712 docendi,
394 658 626 700 secundum
656 660 868 712 mouendi,
909 659 1083 700 tertium
1113 659 1230 713 illud,
1273 662 1548 715 utrocumque
1580 662 1645 701 est
1674 675 1746 702 no-

158 726 294 780 mine,
333 726 574 768 delectandi
605 728 714 781 siue,
756 729 805 768 ut
841 727 914 768 alii
945 727 1106 781 dicunt,
1150 727 1406 769 conciliandi
1438 730 1655 782 praestare
1685 729 1747 769 ui-

159 794 308 834 deatur
330 794 531 849 officium,
565 796 610 836 in
633 795 821 836 docendo
843 797 984 836 autem
1006 810 1197 849 acumen,
1219 797 1265 836 in
1289 796 1555 837 conciliando
1576 796 1744 850 lenitas,

159 862 204 902 in
242 864 450 903 mouendo
488 863 554 904 uis
593 863 707 918 exigi
744 863 952 904 uideatur.
1027 863 1170 917 itaque
1216 863 1290 905 1110
1337 864 1483 905 subtili
1520 864 1746 918 praecipue

158 930 268 970 ratio
298 930 503 971 narrandi
524 931 817 985 probandique
840 931 1056 984 consistet,
1090 931 1163 972 sed
1185 946 1310 986 saepe
1331 932 1373 972 id
1395 931 1523 972 etiam
1544 932 1745 973 detractis

159 998 309 1038 ceteris
339 998 568 1039 uirtutibus
590 1013 663 1039 suo
685 1012 841 1053 genere
862 998 1050 1051 plenum.
1100 998 1262 1040 medius
1284 999 1353 1040 1110
1374 1000 1521 1041 modus
1544 1002 1586 1040 et
1604 1001 1744 1041 trans·
1759 1000 1814 1040 60

156 1065 388 1106 lationibus
420 1065 604 1107 crebrior
636 1068 678 1107 et
706 1066 855 1120 figuris
888 1066 968 1107 erit
998 1066 1232 1120 iucundior,
1267 1067 1578 1122 egressionibus
1610 1082 1746 1109 amoe-

156 1147 252 1187 nUS,
287 1133 592 1187 compositione
625 1136 761 1189 aptus,
794 1133 1018 1175 sententiis
1041 1133 1187 1188 dulcis,
1219 1134 1354 1176 lenior
1375 1138 1520 1177 tamen
1541 1137 1588 1176 ut
1609 1136 1745 1177 amnis

123 1218 138 1242 5
157 1200 322 1242 lucidus
353 1201 544 1256 quidem,
585 1202 658 1243 sed
688 1202 926 1243 uirentibus
958 1202 1169 1256 utrimque
1213 1203 1317 1257 ripis
1347 1203 1630 1244 inumbratus.
1698 1204 1809 1244 atel

155 1268 248 1323 ille,
289 1269 359 1324 qui
399 1284 501 1311 saxa
533 1269 731 1311 deuoluat
761 1272 804 1311 et
840 1272 1052 1325 pontem
1090 1270 1407 1325 indignetur
1446 1273 1488 1312 et
1518 1271 1632 1326 ripas
1664 1272 1744 1312 sibi

156 1336 310 1390 faciat,
348 1338 506 1379 multus
538 1339 580 1379 et
610 1340 776 1379 torrens
807 1338 990 1379 iudicem
1020 1338 1087 1379 uel
1118 1338 1327 1380 nitentem
1359 1341 1509 1380 contra
1538 1339 1648 1380 feret
1680 1354 1744 1380 co—

155 1407 312 1459 getque
349 1405 431 1459 ire,
481 1421 563 1460 qua
601 1406 750 1460 rapiet.
822 1405 893 1446 1110
931 1408 1074 1446 orator
1113 1408 1153 1447 et
1192 1407 1416 1448 defunctos
1455 1407 1660 1448 excitabit
1697 1409 1745 1448 ut

157 1472 344 1526 Appium
367 1472 563 1528 Caecum,
598 1473 710 1529 apud
740 1473 853 1515 hunc
885 1476 927 1515 et
956 1474 1096 1528 patria
1127 1474 1219 1528 ipsa
1251 1474 1519 1528 exclamabit,
1554 1475 1744 1529 aliquan—

155 1539 290 1595 doque
321 1549 363 1582 ’πί
384 1540 631 1583 Ciceronem
661 1542 707 1584 in
737 1543 929 1583 oratione
962 1544 1109 1583 contra
1133 1541 1364 1584 Catilinam
1394 1544 1439 1584 in
1471 1545 1622 1584 senatu
1644 1542 1743 1583 allo-

156 1610 319 1662 quetur.
380 1608 451 1650 hic
483 1611 526 1650 et
556 1609 959 1664 amplificationibus
992 1610 1165 1651 extollet
1196 1611 1431 1652 orationem
1464 1613 1506 1652 et
1534 1611 1579 1652 in
1600 1611 1811 1666 super-62

156 1675 358 1717 lationem
390 1692 553 1732 quoque
585 1678 791 1733 erigetur:
831 1693 960 1732 quae
993 1678 1284 1733 Charybdis
1322 1681 1427 1720 tam
1468 1679 1664 1720 uorax?
1702 1682 1744 1720 et

156 1743 400 1786 Oceanus
437 1746 635 1787 medius
673 1745 838 1787 fidius
877 1746 1011 1800 ipse:
1071 1748 1172 1787 nota
1210 1748 1311 1787 sunt
1350 1747 1463 1788 enim
1495 1747 1624 1788 etiam
1656 1749 1744 1789 stu-

245 1895 297 1926 15,
324 1896 432 1937 vergi
459 1895 548 1929 Aen,
574 1895 606 1935 S,
634 1896 710 1927 728.
804 1896 858 1926 22.
887 1895 1289 1937 crc‚P1111.11‚27,67.

246 2033 262 2062 1
288 2031 357 2063 tris
382 2034 507 2073 partes
531 2031 604 2071 MS,
632 2034 706 2062 tres
732 2034 856 2072 partes
882 2039 903 2065 ς
995 2031 1185 2063 descendit
1209 2033 1317 2073 GMS,
1344 2042 1403 2063 em.
1430 2033 1463 2064 in
1488 2034 1565 2065 edd.
1591 2037 1671 2064 uetz‘.

153 2078 172 2107 ‘2
200 2079 300 2108 recte
327 2078 364 2108 S:
392 2080 494 2108 recta
521 2077 558 2116 G,
585 2077 678 2107 recti
701 2077 736 2106 M
873 2078 893 2108 3
919 2076 1070 2117 ‹licxnon
1097 2078 1123 2107 G
1149 2076 1226 2115 (sed
1250 2078 1270 2108 d
1295 2077 1441 2118 punct),
1469 2088 1540 2109 non
1566 2079 1629 2109 MS

152 2123 173 2153 4
199 2121 317 2163 adpon
343 2123 381 2160 G,
409 2122 454 2153 ad
480 2131 595 2163 ponus
620 2122 665 2161 M,
694 2122 739 2153 ad
764 2133 833 2153 cum
859 2123 979 2153 laeana
1003 2123 1023 2153 S
1123 2122 1248 2154 dicunt
1275 2123 1317 2153 G:
1343 2122 1379 2153 id
1405 2126 1533 2154 contra
1558 2124 1604 2164 M,
1633 2135 1693 2155 om.
1721 2125 1743 2154 S

245 2169 264 2199 5
289 2166 428 2198 duobus
455 2167 539 2199 aliis
563 2167 598 2197 Μ
690 2165 855 2207 ἀνθηρόν
881 2168 933 2198 ed.
964 2167 1185 2199 Tarm'siana:
1212 2168 1427 2209 anaeponim
1447 2169 1484 2209 G,
1510 2169 1693 2210 Anepoem
1707 2170 1739 2208 S,

156 2222 224 2243 aue
250 2223 382 2253 penum
408 2213 443 2242 M
537 2214 554 2244 7
583 2212 726 2243 dicendi
752 2213 788 2242 M
881 2213 1075 2244 amonendi
1101 2214 1138 2253 G,
1167 2213 1383 2245 admouendi
1399 2214 1444 2253 M,
1472 2214 1691 2245 admonendi
1708 2216 1738 2254 S,

154 2268 214 2291 em,
242 2261 274 2288 z'n
301 2259 378 2289 edd.
406 2262 486 2290 nell.
594 2257 685 2289 illud
710 2261 947 2298 utrocumque
975 2261 1030 2289 est
1055 2269 1134 2290 nos:
1161 2258 1252 2289 illud
1280 2262 1334 2289 est
1358 2258 1605 2300 ultrorumque
1632 2259 1739 2299 GMS,

155 2305 211 2333 est
235 2313 297 2334 om.
324 2311 345 2337 ς
438 2304 458 2334 8
484 2303 562 2334 siue
589 2306 628 2333 nt
652 2302 718 2334 alii
744 2302 870 2334 dicunt
895 2304 939 2334 G:
967 2303 1044 2334 siue
1072 2303 1171 2335 aliud
1196 2305 1293 2335 inter
1316 2304 1388 2342 MS,
1416 2304 1494 2335 siue
1521 2314 1542 2339 ς
1636 2315 1739 2346 prae-

153 2351 252 2378 stare
277 2365 321 2369 -
347 2347 588 2380 conciliando·
604 2359 665 2379 om.
693 2350 713 2379 S
808 2350 848 2380 10
872 2349 909 2379 111
935 2349 972 2387 G,
999 2359 1059 2380 om.
1085 2351 1158 2380 rell.
1186 2350 1265 2384 noti,
1292 2350 1458 2390 grauitas
1485 2351 1562 2381 edd.
1589 2355 1670 2383 zzett.

155 2393 254 2433 exigi
279 2403 339 2424 om.
367 2394 386 2423 S
501 2393 646 2425 uidetur
672 2394 698 2423 G
729 2404 819 2427 corr.
847 2404 893 2425 eat
917 2393 1087 2425 uideatur
1226 2396 1264 2425 11
1291 2394 1465 2425 narrandi
1489 2395 1739 2436 probandique

154 2439 231 2471 edd.
258 2442 410 2470 ueteres:
436 2438 681 2480 narrandique
707 2439 785 2470 libri
893 2448 1005 2480 saepe
1032 2439 1067 2470 id
1094 2439 1205 2470 etiam
1232 2450 1310 2471 nos:
1337 2450 1405 2480 que
1431 2439 1467 2470 id
1495 2440 1604 2471 etiam
1631 2440 1737 2478 GMS,

155 2483 248 2523 quod
275 2484 386 2514 etiam
413 2492 433 2518 ς
527 2485 567 2515 12
591 2484 675 2523 fort.
702 2483 842 2515 medius
866 2483 952 2515 huic
1043 2484 1169 2515 modus
1195 2486 1239 2515 G:
1267 2485 1408 2516 medius
1432 2486 1494 2515 MS
1602 2487 1643 2517 13
1671 2485 1739 2516 erit

154 2529 224 2559 GS:
253 2528 364 2559 etiam
388 2529 423 2559 M
515 2529 818 2570 aggressionibus
843 2531 878 2559 M
972 2539 1121 2561 amenus
1146 2530 1190 2569 M,
1219 2531 1382 2562 amoenis
1408 2531 1445 2570 G,
1473 2531 1612 2562 amenis
1640 2531 1659 2560 S

155 2573 196 2603 14
221 2576 346 2605 tamen
371 2574 514 2606 namnis
540 2576 579 2615 G,
607 2576 729 2605 tamen
755 2575 844 2605 Nam
870 2575 926 2605 ius
950 2575 997 2615 M,
1024 2575 1174 2606 Namuis
1199 2576 1218 2605 S
1336 2577 1376 2607 15
1404 2578 1439 2606 et
1462 2575 1606 2607 lucidus
1632 2574 1737 2618 (luci-

153 2617 233 2649 dius
258 2620 306 2658 M)
334 2619 441 2659 quide
468 2621 524 2651 est
548 2619 753 2650 uirentibus
779 2620 865 2658 GM,
899 2623 935 2651 et
959 2619 1089 2651 lucidis
1116 2620 1259 2661 quidem
1293 2624 1347 2651 est
1376 2621 1579 2652 uirtutibus
1604 2622 1624 2651 S

150 2663 238 2705 ripis
269 2664 498 2696 inumbratus
532 2664 603 2696 Gal.
636 2665 777 2706 sllegser:
808 2665 947 2706 sipisim
980 2665 1167 2696 umbratus
1199 2663 1243 2706 G,
1276 2665 1349 2697 sibi
1381 2666 1449 2697 sim
1484 2665 1555 2705 (sui
1580 2666 1630 2705 M)
1662 2676 1737 2697 um-

150 2709 278 2741 bratus
302 2711 375 2750 MS,
403 2710 508 2741 siluis
534 2709 761 2741 inumbratus
787 2711 863 2742 edd.
888 2715 1022 2742 ueteres
1115 2710 1159 2742 ad
1186 2712 1212 2742 G
1306 2712 1346 2742 16
1371 2711 1582 2751 indignatur
1608 2712 1669 2741 MS

153 2755 194 2785 17
221 2754 337 2786 faciat
361 2755 432 2786 sibi
458 2755 591 2786 multas
617 2756 636 2785 S
735 2755 848 2786 ferret
872 2756 891 2785 S
1008 2756 1179 2797 cogitque
1206 2757 1261 2786 GS
1379 2757 1419 2788 18
1446 2766 1515 2797 qua
1542 2757 1662 2796 capite
1688 2757 1735 2796 M,

152 2802 285 2840 quarta
311 2804 413 2842 parte
441 2802 460 2831 S
565 2801 746 2832 excitauit
772 2801 837 2839 GS,
862 2802 938 2832 item
960 2802 1063 2841 paulo
1087 2806 1164 2842 post
1190 2801 1424 2841 exclamauit,
1452 2806 1485 2832 et
1497 2803 1698 2842 p.356.5et
1716 2805 1736 2832 7

149 2844 360 2887 inspirauit‚
387 2845 614 2877 desiderauit
638 2850 701 2877 etc.
825 2847 868 2878 ‘20
892 2849 931 2876 ut
955 2847 1088 2877 addidit
1114 2845 1256 2878 Obreclzc
1371 2846 1571 2878 orationem
1596 2847 1631 2877 M

151 2889 349 2931 alloquitur
373 2892 410 2931 G,
439 2890 651 2932 alloquatur
674 2892 735 2922 MS
843 2892 883 2922 21
913 2891 1286 2932 amplisticationibus
1312 2893 1348 2931 G,
1376 2891 1691 2932 plisticationibus
1716 2893 1736 2922 S

241 2937 390 2978 insuper
416 2936 525 2967 latini
551 2938 714 2968 oratione
742 2938 762 2967 S
859 2938 902 2968 22
929 2937 1047 2977 eriget
1070 2937 1132 2966 MS
1227 2937 1394 2978 carybdis
1421 2938 1502 2975 GM,
1531 2937 1691 2969 caribdis
1716 2938 1736 2968 S

240 2991 352 3013 uerax
377 2981 430 3022 G¹,
457 2982 561 3014 forax
586 2982 620 3012 M
727 2984 770 3014 23
796 2983 878 3023 ipsa
903 2983 922 3012 S
1019 2982 1113 3013 enim
1139 2992 1200 3013 om.
1227 2984 1246 3012 S
1340 2983 1448 3013 ctiam
1474 2983 1589 3013 GMS:
1617 2982 1687 3014 iam
1714 2991 1734 3016 ς

1395 3037 1463 3070 23*
