1939 3180
216 88 272 129 20
741 100 1033 137 QUINTILIANI
1065 101 1184 131 INST.
1219 101 1292 136 ΟΒ.

217 200 425 255 potuerit,
465 200 630 241 fecerit.
692 200 867 255 ideoque
906 202 1159 243 intuendum
1192 205 1291 243 ante
1323 202 1477 257 omnia,
1517 204 1689 257 qualis
1721 205 1811 257 sit,

151 268 276 309 28de
315 282 411 322 quo
451 269 643 323 agitur.
714 269 971 310 accusatoris
1011 271 1152 311 autem
1193 273 1258 311 est
1297 271 1485 324 efficere,
1532 273 1599 325 ut,
1642 272 1676 312 si
1715 272 1814 326 quid

217 336 432 390 obiecerit,
464 351 555 379 non
583 337 715 377 solum
748 339 871 391 turpe
904 337 979 390 sit,
1014 331 1247 389 sedetiam
1280 332 1467 392 crimini,
1512 338 1562 379 de
1593 354 1675 393 quo
1709 339 1813 380 iudi-

218 404 328 445 cium
359 406 436 458 est,
471 419 596 459 quam
627 404 810 445 maxime
854 405 1094 446 conueniat.
1156 421 1255 446 nam
1295 406 1328 446 si
1368 420 1485 447 reum
1525 406 1662 447 caedis
1692 407 1814 461 inpu-

219 472 359 513 dicum
390 472 457 513 uel
480 472 718 513 adulterum
748 474 886 525 uocet,
919 472 1062 513 laedat
1083 473 1251 527 quidem
1283 473 1475 527 infamia,
1506 474 1645 515 minus
1670 476 1815 515 tamen
1833 486 1849 509 5

217 539 297 580 hoc
330 540 380 580 ad
412 539 538 580 fidem
577 540 739 594 ualeat,
779 555 905 594 quam
938 540 972 581 si
1011 541 1235 594 audacem,
1269 541 1554 596 petulantem,
1589 542 1812 596 crudelem,

149 608 203 649 29
216 607 489 648 temerarium
520 608 768 649 ostenderit.
812 610 1007 662 patrono,
1042 609 1077 649 si
1108 609 1199 649 fieri
1231 609 1400 662 poterit,
1434 609 1475 649 id
1498 609 1713 664 agendum
1736 612 1812 662 est,

218 677 264 715 ut
296 675 463 716 obiecta
494 675 561 716 uel
593 678 724 730 neget
754 676 821 716 uel
854 676 1056 717 defendat
1076 676 1143 716 uel
1174 677 1359 718 minuat:
1392 678 1629 731 proximum
1659 680 1734 731 est,
1768 680 1816 718 ut

219 758 243 783 a
274 744 488 797 praesenti
523 744 773 797 quaestione
805 747 986 799 separet.
1050 746 1150 785 sunt
1186 744 1298 784 enim
1330 745 1530 800 pleraque
1561 760 1647 786 non
1679 745 1814 786 solum

218 811 453 864 dissimilia,
486 811 557 851 sed
590 811 718 852 etiam
751 812 979 867 aliquando
1012 812 1240 866 contraria,
1273 815 1320 853 ut
1351 813 1385 853 si
1416 828 1510 854 reus
1541 813 1645 861 furti
1676 813 1814 867 prodi—

217 893 295 933 gus
337 878 502 921 dicatur
544 881 617 920 aut
653 880 909 935 neglegens:
955 895 1091 935 neque
1131 881 1244 921 enim
1282 881 1450 922 uidetur
1479 881 1524 922 in
1564 881 1741 922 eundem
1775 883 1816 921 ct

149 949 204 989 30
218 948 487 1001 contemptus
526 947 732 1001 pecuniae
772 949 813 988 et
853 949 1063 1002 cupiditas
1104 949 1266 990 cadere.
1329 949 1363 990 si
1404 949 1582 990 deerunt
1618 948 1722 990 haec
1754 964 1815 989 re-

218 1014 368 1068 media,
403 1015 454 1055 ad
476 1014 550 1055 illa
572 1015 874 1056 declinandum
897 1019 973 1070 est,
1008 1031 1093 1057 non
1117 1016 1267 1057 dehoc
1300 1008 1458 1071 quaeri,
1492 1031 1571 1057 nec
1603 1031 1711 1070 eum,
1745 1017 1815 1070 qui

218 1082 359 1136 aliqua
395 1083 658 1139 peccauerit,
700 1084 844 1138 utique
884 1084 1143 1125 commisisse
1182 1087 1345 1138 onmia,
1388 1087 1429 1125 et
1467 1084 1579 1125 hanc
1617 1084 1815 1131 fiduciam

217 1150 347 1191 fuisse
380 1151 697 1191 accusatoribus
728 1151 838 1192 falsa
870 1152 1103 1205 obiciendi,
1138 1153 1247 1207 quod
1280 1153 1440 1194 laesum
1474 1155 1514 1193 et
1544 1153 1815 1193 uulneratum
1851 1164 1866 1187 5

149 1222 199 1261 :31
218 1233 335 1259 reum
367 1219 635 1272 sperauerint
666 1219 746 1260 hac
778 1219 941 1261 inuidia
973 1221 1155 1275 opprimi
1185 1235 1322 1275 posse.
1367 1221 1439 1261 alii
1471 1236 1494 1261 a
1525 1220 1815 1275 propositione

218 1287 477 1327 accusatoris
511 1289 742 1341 contraque
774 1303 866 1329 eam
899 1288 979 1329 loci
1012 1289 1219 1329 oriuntur.
1282 1303 1407 1343 saepe
1440 1304 1463 1328 a
1493 1303 1675 1342 persona
1701 1289 1817 1343 prior

218 1354 334 1395 ducit
356 1357 609 1409 argumenta
630 1355 828 1396 defensor
860 1358 901 1397 et
933 1356 1105 1397 interim
1138 1356 1411 1411 generaliter,
1445 1356 1693 1397 incredibile
1726 1370 1815 1396 esse

218 1436 241 1462 a
269 1421 357 1462 filio
388 1424 553 1476 patrem
576 1423 774 1477 occisum,
810 1424 862 1465 ab
892 1424 1147 1478 imperatore
1169 1425 1381 1478 proditam
1402 1423 1594 1464 hostibus
1616 1424 1813 1478 patriam.

218 1490 343 1531 facile
375 1491 667 1545 respondetur,
701 1491 767 1532 uel
799 1493 909 1546 quod
941 1493 1083 1533 omnia
1106 1492 1265 1534 scelera
1295 1493 1339 1533 in
1362 1492 1495 1533 malos
1518 1491 1675 1533 cadant
1704 1491 1815 1532 ideo-

218 1573 298 1612 que
330 1573 454 1612 saepe
486 1559 694 1612 deprensa
733 1560 843 1614 sint,
884 1560 951 1601 uel
995 1561 1105 1615 quod
1143 1561 1371 1615 indignum
1411 1560 1467 1600 sit
1506 1560 1684 1600 crimina
1724 1560 1817 1614 ipsa

150 1629 204 1670 :32
219 1626 444 1668 atrocitate
490 1626 673 1667 defendi.
743 1627 915 1669 interim
962 1629 1152 1683 proprie,
1203 1629 1311 1683 quod
1359 1630 1423 1669 est
1468 1628 1646 1668 uarium.
1715 1642 1816 1668 nam

219 1695 409 1749 dignitas
449 1697 490 1736 et
528 1696 672 1735 tuetur
711 1710 829 1736 reum
869 1699 911 1736 et
950 1711 1269 1751 nonnumquam
1308 1697 1400 1750 ipsa
1432 1696 1475 1736 in
1517 1698 1815 1750 argumentum

217 1763 322 1803 facti
355 1763 631 1815 conuertitur,
664 1765 880 1817 tamquam
905 1765 1003 1805 inde
1025 1765 1156 1805 fuerit
1187 1780 1282 1819 spes
1312 1763 1605 1818 impunitatis:
1638 1763 1816 1817 proinde

1838 825 1866 847 11}

1834 1504 1867 1527 ⁸21>

219 1833 462 1885 paupertas,
496 1830 730 1884 humilitas,
765 1846 864 1885 opes
876 1864 886 1885 ,
920 1834 966 1872 ut
998 1832 1146 1887 cuique
1177 1833 1343 1887 ingenii
1376 1833 1438 1873 uis
1471 1835 1554 1885 est,
1596 1832 1641 1872 in
1682 1831 1815 1871 diuer-
1835 1843 1866 1866 25

151 1902 204 1941 :33
220 1913 310 1939 sum
342 1898 584 1939 trahuntur.
628 1899 751 1952 probi
784 1914 884 1940 uero
915 1915 1051 1941 mores
1084 1902 1126 1941 et
1157 1903 1257 1941 ante
1289 1903 1410 1941 actae
1441 1900 1555 1941 uitae
1588 1899 1816 1954 integritas

220 1981 451 2020 numquam
483 1980 568 2007 non
600 1966 828 2020 plurimum
861 1969 1115 2022 profuerint.
1153 1969 1187 2009 si
1219 1968 1327 2009 nihil
1359 1968 1577 2021 obicietur,
1611 1969 1815 2022 patronus

220 2034 388 2088 quidem
419 2035 463 2074 in
494 2033 573 2074 hoc
605 2035 879 2076 uehementer
910 2037 1148 2090 incumbet,
1191 2039 1412 2078 accusator
1444 2039 1581 2077 autem
1616 2036 1667 2076 ad
1698 2050 1816 2089 prae-

221 2105 386 2143 sentem
417 2102 723 2157 quaestionem,
757 2104 805 2145 de
836 2119 918 2158 qua
949 2105 1037 2145 sola
1070 2104 1269 2145 iudicium
1303 2105 1371 2159 sit,
1407 2105 1693 2160 cognitionem
1727 2103 1816 2143 alli-

221 2171 343 2224 gabit
374 2170 534 2224 dicens,
570 2171 784 2211 neminem
815 2187 901 2212 non
934 2172 1160 2226 aliquando
1194 2173 1380 2226 coepisse
1412 2187 1601 2227 peccare,
1635 2186 1713 2213 nec
1740 2186 1815 2225 pro

311 2300 330 2329 3
358 2298 528 2330 indicium
558 2303 611 2330 est
636 2298 715 2329 AG:
745 2299 914 2331 iudicium
942 2301 972 2339 S,
999 2299 1133 2330 dictum
1163 2303 1215 2331 est
1241 2301 1285 2339 M,
1314 2303 1367 2331 cst
1397 2300 1567 2331 iudicium
1595 2308 1616 2334 ς
1708 2301 1728 2330 4
1755 2309 1814 2329 nc-

222 2344 300 2374 niat
324 2343 364 2373 A¹
485 2346 514 2375 si
541 2356 601 2376 ont.
629 2344 669 2375 Αι
788 2347 807 2375 5
834 2345 949 2376 minus
978 2349 1097 2376 tamen
1124 2346 1153 2376 A
1179 2348 1210 2376 in
1237 2358 1304 2377 ras.
1333 2346 1450 2376 minus
1478 2350 1598 2376 tamen
1626 2356 1669 2376 an
1700 2346 1726 2375 G

222 2391 240 2421 7
267 2389 461 2420 ostendere
487 2391 522 2419 Μ
617 2391 775 2431 potuerit
800 2391 819 2420 S
845 2396 877 2421 et
903 2392 983 2421 dell.
1094 2394 1113 2422 9
1140 2391 1254 2422 solum
1283 2395 1319 2422 ct
1344 2391 1538 2421 dissimilia
1563 2391 1592 2420 A
1688 2393 1727 2421 10
1752 2388 1814 2420 sed

222 2435 332 2465 ctiam
358 2446 418 2465 mn.
445 2436 480 2464 M
577 2437 614 2466 14
641 2435 765 2476 aliqua
783 2437 826 2466 A:
855 2435 1049 2476 aliqnando
1077 2437 1231 2470 GMSag
1326 2437 1530 2467 conmisisse
1549 2437 1578 2466 A
1674 2436 1713 2466 16
1739 2446 1816 2476 spe-

224 2481 388 2511 rauerint
417 2480 563 2511 Gesner.-
601 2491 797 2521 spcrauere
824 2482 915 2522 libri,
944 2493 986 2511 [ιη
1012 2485 1225 2522 sperarent?
1364 2482 1433 2512 hac
1463 2482 1599 2522 lfeyizm:
1626 2481 1716 2512 hacc
1743 2481 1816 2516 mvi,

221 2525 280 2556 hic
306 2528 350 2557 al.
445 2530 568 2566 posset
594 2527 728 2557 AGMS
835 2527 897 2557 alii
927 2538 944 2556 :1
971 2527 999 2556 A
1025 2532 1059 2557 ul
1085 2528 1236 2558 uidetur:
1263 2527 1337 2557 alia
1364 2528 1490 2557 GMSa
1607 2527 1645 2557 17
1674 2529 1816 2556 contra-

223 2581 292 2610 que
320 2581 399 2601 eam
427 2582 505 2601 ηας.-
532 2575 658 2602 contra
687 2582 790 2612 qnam
810 2570 919 2609 AMS,
948 2576 1073 2602 contra
1101 2582 1172 2612 qna
1192 2573 1228 2611 G,
1257 2576 1454 2613 contraque
1477 2573 1603 2602 (im-net·
1699 2572 1737 2600 18
1764 2570 1813 2599 di-

225 2617 274 2646 cit
300 2616 448 2654 AGMS,
476 2628 533 2647 mn.
565 2617 706 2647 Obrecht
802 2628 880 2647 esse
909 2618 934 2646 G
961 2629 1020 2647 om.
1051 2620 1120 2647 lm.
1218 2620 1257 2648 19
1284 2617 1448 2648 hostibus
1474 2618 1502 2647 A
1529 2618 1559 2647 [11
1585 2626 1654 2649 rus,
1681 2627 1719 2645 m.
1736 2618 1754 2644 2

225 2663 267 2692 ⁶3⁴)
294 2661 402 2692 cadat
426 2661 506 2691 A¹G
600 2662 679 2693 ideo
706 2663 725 2692 S
830 2664 865 2692 21
898 2673 984 2703 sepe
1011 2663 1083 2701 MS,
1111 2673 1184 2703 seq.
1213 2663 1238 2692 G
1345 2662 1572 2704 deprehensa
1599 2651 1725 2693 G-JISS

225 2706 409 2744 indignum
437 2708 489 2739 ed,
518 2708 662 2737 Aldina:
693 2709 885 2747 ingenuum
912 2708 952 2746 A,
979 2708 1163 2747 ingenium
1192 2709 1299 2747 GMS,
1328 2708 1555 2749 ingeniosum
1585 2705 1726 2735 ltmmell

225 2754 265 2781 22
293 2751 458 2782 defendit
480 2751 630 2782 A¹GMS
771 2754 811 2783 '23
839 2753 915 2794 ipsa
942 2754 976 2783 in
1002 2754 1046 2783 A:
1087 2753 1201 2794 ipsam
1230 2754 1273 2792 G,
1313 2753 1391 2793 ipsa
1417 2753 1468 2791 M,
1503 2753 1537 2781 in
1567 2752 1679 2791 ipsam
1707 2751 1726 2779 S

225 2798 265 2826 2¹1
295 2797 480 2837 impunitis
506 2796 546 2827 A·
651 2798 799 2839 perinde
828 2799 948 2838 Ιίιγμίικ
1071 2801 1112 2829 25
1140 2799 1274 2839 ing‹·nii
1304 2799 1486 2837 *S'Jmltlz'nsffi
1513 2796 1657 2835 ingenim
1683 2795 1816 2825 AGMS

227 2840 326 2879 (mr-m.
353 2842 471 2882 Spalrl.
501 2844 640 2873 lenlrmie
668 2848 703 2873 nt
732 2844 884 2883 quisquc
912 2843 1140 2884 ingeniosus)
1234 2844 1275 2873 2ss
1303 2847 1338 2876 et
1364 2846 1446 2872 :inti-
1473 2840 1544 2870 AM
1570 2843 1646 2879 (xml
1669 2841 1697 2870 A
1724 2842 1814 2870 etin

226 2891 333 2925 mm).-
361 2898 377 2916 c
405 2891 525 2917 stante
553 2889 590 2926 G,
619 2892 700 2919 ante
728 2890 746 2917 S
840 2892 881 2919 29
907 2889 1077 2928 alligauit
1101 2887 1178 2918 A¹G
1272 2891 1313 2918 30
1340 2897 1407 2917 non
1435 2898 1494 2917 rum.
1515 2887 1567 2915 GS
1661 2896 1814 2927 pia-,nare

226 2931 277 2961 M:
306 2935 476 2972 spectare
502 2933 603 2972 AGS,
631 2935 692 2963 sed
717 2935 747 2963 it!
773 2935 800 2963 A
829 2946 843 2963 s
870 2945 970 2964 era-w!

1835 2182 1866 2203 3ίί
