1939 3180
167 95 222 137 56
358 141 361 145 ,
685 103 978 143 QUINTILIANI
1009 104 1127 134 insT.
1162 104 1238 135 OR.

128 207 368 250 5tinaciter
398 205 567 247 tuendis
598 205 908 261 inuoluerunh>
945 206 1089 260 itaque
1120 206 1165 247 in
1195 207 1285 247 toto
1325 206 1428 247 artis
1467 205 1641 248 huiusce
1679 208 1765 247 tra-

171 276 288 315 ctatu
319 272 535 314 difficilius
568 275 631 314 est
661 273 862 328 iudicare,
895 273 996 328 quid
1034 273 1205 327 doceas,
1246 288 1386 328 quam,
1421 289 1515 315 cum
1544 274 1761 328 iudicaris,

169 342 330 395 docere,
363 341 673 396 praecipueque
703 341 749 382 in
780 341 942 382 duabus
964 341 1030 382 his
1052 341 1244 396 partibus
1265 357 1470 397 perquam
1490 344 1591 383 sunt
1612 357 1763 396 pauca,

170 410 282 451 circa
321 423 427 464 quae
466 409 500 450 si
539 409 574 450 is
613 409 685 464 qui
722 409 964 450 instituitur
1002 423 1089 450 non
1126 408 1453 464 repugnauerit,
1494 423 1673 463 pronum
1714 411 1766 451 ad

170 480 311 519 cetera
342 476 564 517 habiturus
597 478 661 518 est
693 491 873 518 cursum.

129 548 154 588 6
280 544 445 599 Nempe
476 544 590 586 enim
621 545 850 599 plurimum
882 544 926 586 in
955 543 1036 586 hoe
1064 543 1221 585 laboris
1244 544 1529 599 exhausimus,
1562 547 1608 586 ut
1629 547 1767 587 esten-

171 613 363 654 deremus
395 612 638 654 rhetoricen
675 613 783 653 bene
823 612 991 653 dicendi
1031 611 1256 653 scientiam
1299 614 1342 654 et
1380 613 1528 654 utilem
1560 615 1603 654 et
1633 615 1768 654 artem

170 684 213 723 et
243 681 446 722 uirtutem
479 694 589 721 esse:
621 680 845 721 materiam
877 681 966 721 eius
997 694 1063 721 res
1095 680 1246 734 omnis,
1280 680 1330 721 de
1362 681 1512 735 quibus
1544 681 1768 722 dicendum

171 750 300 789 esset:
334 762 404 789 cas
435 747 481 788 in
512 748 648 788 tribus
679 748 769 789 fere
800 748 1051 803 generibus,
1092 747 1449 803 demonstratiuo,
1490 749 1768 790 deliberatiuo

169 816 442 870 iudicialique
474 815 672 870 reperiri:
712 816 948 857 orationem
979 830 1104 870 porro
1136 830 1304 857 omnem
1346 818 1540 858 constare
1561 817 1695 858 'rebus
1727 819 1769 859 et

169 884 330 925 uerbis:
362 884 405 926 in
438 884 563 925 rebus
593 883 845 926 intuendam
876 884 1185 938 inuentionem,
1226 885 1271 925 in
1302 885 1443 925 uerbis
1475 883 1768 938 elocutionem,

168 952 214 993 in
245 955 424 1006 utroque
465 951 826 1005 conlocationem,
869 967 976 1006 quae
1016 951 1218 993 memoria
1257 952 1618 1007 conplecteretur,
1660 953 1770 994 actio

131 1025 154 1066 7
171 1019 498 1062 commendaret.
566 1020 746 1061 oratoris
786 1020 974 1061 officium
1015 1020 1214 1073 docendi,
1261 1020 1481 1073 mouendi,
1531 1019 1770 1061 delectandi

168 1088 364 1143 partibus
397 1088 626 1142 contineri,
666 1102 716 1128 ex
755 1087 908 1141 quibus
950 1088 1001 1128 ad
1042 1088 1277 1129 docendum
1317 1087 1524 1142 expositio
1564 1090 1607 1129 et
1647 1102 1769 1143 argu-

168 1156 398 1210 mentatio,
439 1156 491 1197 ad
522 1156 779 1197 mouendum
810 1155 1002 1197 adfectus
1033 1156 1321 1211 pertinerent,
1363 1169 1465 1210 quos
1496 1170 1572 1209 per
1602 1170 1770 1198 omnem
1807 1172 1821 1195 5,

170 1224 339 1279 quidem
372 1239 565 1278 causam,
608 1224 680 1264 sed
719 1224 902 1265 maxime
940 1226 1086 1265 tamen
1124 1224 1169 1265 in
1208 1224 1406 1279 ingressu
1446 1237 1495 1264 ac
1525 1224 1609 1265 fine
1641 1224 1770 1265 domi—

169 1293 277 1333 nari.
338 1307 439 1333 nam
472 1291 813 1346 delectationem,
848 1292 1041 1346 quamuis
1072 1293 1117 1333 in
1148 1294 1325 1346 utroque
1357 1291 1413 1332 sit
1444 1306 1600 1346 eorum,
1634 1293 1770 1348 magis

131 1362 315 1406 Stamen
346 1361 541 1415 proprias
573 1360 619 1400 in
659 1359 896 1401 elocutione
936 1361 1079 1414 partes
1119 1359 1286 1401 habere.
1357 1360 1626 1414 quaestiones
1666 1360 1771 1401 alias

169 1428 380 1482 infinitas,
415 1428 520 1469 alias
552 1427 710 1482 finitas,
742 1443 849 1482 quae
880 1428 1089 1482 personis,
1121 1427 1405 1482 temporibus,
1444 1427 1548 1469 locis
1581 1428 1771 1469 contine-

170 1499 333 1538 rentur.
395 1496 440 1537 in
471 1496 586 1537 omni
617 1510 742 1550 porro
774 1496 955 1537 materia
985 1496 1069 1537 tria
1091 1510 1181 1537 esse
1203 1496 1458 1551 quaerenda,
1492 1510 1549 1537 an
1570 1495 1638 1550 sit,
1672 1496 1771 1550 quid
1790 1512 1804 1536 ε)

171 1564 238 1619 sit,
271 1564 393 1619 quale
425 1565 493 1606 sit.
563 1564 628 1605 his
660 1563 969 1618 adiciebamus,
1010 1563 1390 1605 demonstratiuam
1427 1563 1552 1604 laude
1584 1578 1631 1604 ac
1662 1564 1772 1605 uitu—

170 1633 391 1686 peratione
423 1634 632 1674 constare.
675 1632 722 1673 in
744 1646 804 1685 ea,
838 1647 944 1687 quae
977 1632 1030 1673 ab
1060 1632 1166 1687 ipso,
1201 1632 1251 1673 de
1280 1646 1361 1686 quo
1383 1631 1631 1686 diceremus,
1665 1646 1771 1686 quae

169 1702 266 1754 post
297 1715 392 1741 eum
424 1702 520 1742 acta
552 1702 708 1755 essent,
742 1700 1009 1742 intuendum.
1052 1700 1131 1742 hoc
1153 1714 1257 1755 opus
1279 1702 1468 1741 tractatu
1498 1700 1771 1741 honestorum

132 1768 422 1823 Dutiliumque
455 1771 664 1810 constare.
734 1768 933 1809 suasoriis
966 1768 1165 1810 accedere
1195 1768 1367 1809 tertiam
1398 1770 1563 1822 partem
1595 1783 1644 1809 ex
1677 1782 1771 1809 con-

1785 488 1802 513 5

1790 830 1820 854 10

170 1836 345 1890 iectura,
377 1839 577 1891 possetne
607 1836 699 1877 fieri
731 1838 773 1877 et
803 1852 858 1877 an
890 1838 1000 1878 esset
1029 1836 1234 1890 futurum,
1268 1836 1318 1877 de
1349 1851 1430 1890 quo
1452 1835 1769 1877 deliberaretur.
1792 1853 1823 1877 ..²5

172 1903 241 1945 hic
263 1904 489 1958 praecipue
512 1905 692 1945 diximus
715 1905 1009 1959 spectandum,
1043 1905 1150 1959 quis,
1173 1904 1283 1959 apud
1306 1919 1443 1958 quem,
1477 1904 1576 1958 quid
1598 1904 1770 1945 diceret.

171 1972 433 2013 iudicialium
467 1987 689 2013 causarum
721 1972 825 2012 alias
857 1973 901 2013 in
934 1972 1138 2028 singulis,
1174 1973 1277 2013 alias
1309 1972 1354 2013 in
1385 1972 1575 2026 pluribus
1608 1973 1771 2012 contro-

173 2040 322 2081 uersiis
355 2041 599 2094 consistere,
633 2042 675 2080 et
705 2039 750 2080 in
781 2040 1033 2094 quibusdam
1064 2040 1348 2081 intentionem
1377 2040 1500 2081 modo
1530 2047 1673 2081 statum
1700 2042 1770 2089 fa-

267 2170 282 2199 1
309 2168 457 2199 huiusce
484 2170 641 2198 tvm-tatu
666 2167 694 2197 A
833 2169 852 2199 3
878 2166 1137 2208 praecipueque
1161 2167 1200 2203 A,
1234 2167 1430 2208 praecipue
1458 2177 1550 2208 quae
1578 2167 1614 2206 G,
1641 2167 1771 2208 pcipue

174 2213 269 2254 quod
297 2213 347 2254 (S)
375 2214 460 2255 quia
487 2214 548 2242 MS
675 2214 696 2243 4
724 2212 938 2244 instituetur
963 2214 1015 2243 erl.
1047 2212 1160 2253 salal).
1187 2218 1219 2244 el
1245 2220 1265 2247 ς
1395 2214 1415 2243 5
1441 2213 1607 2243 abiturus
1633 2213 1659 2242 G

174 2261 191 2290 7
220 2259 426 2289 rethoricen
456 2258 525 2298 (-c[÷
550 2255 599 2299 M)
625 2258 760 2288 AGMS
871 2260 890 2290 S
916 2257 1107 2288 dicendum
1133 2258 1179 2288 A:
1209 2258 1300 2289 dicit
1325 2258 1407 2288 duni
1434 2258 1532 2288 GMS
1637 2259 1656 2289 9
1682 2257 1771 2288 deli-

174 2305 335 2335 bernano
362 2303 594 2345 iudicialique
620 2304 648 2333 A
745 2305 784 2335 10
810 2303 991 2344 repperiri
1010 2303 1073 2333 AG
1167 2305 1355 2335 constaret
1373 2304 1399 2332 G
1494 2304 1531 2333 11
1560 2302 1770 2333 intuendum

174 2349 252 2379 A'G
370 2350 617 2380 intencionem
643 2349 705 2378 MS
848 2351 886 2380 12
914 2349 949 2379 in
975 2351 1129 2389 utroque
1157 2359 1233 2380 nos:
1261 2349 1297 2379 iu
1323 2351 1477 2389 utraque
1505 2348 1710 2388 (utramque
1737 2348 1770 2386 S)

175 2396 261 2433 [flu-i,
288 2395 323 2425 in
350 2396 511 2436 utrisque
543 2393 673 2425 Badius·
805 2394 1086 2425 collocationem
1113 2403 1144 2433 a,
1173 2394 1465 2425 conlocutionem
1491 2394 1575 2432 AM,
1603 2393 1772 2424 conlucu-

175 2441 275 2471 tione
303 2441 340 2480 G,
370 2440 653 2471 collocucionem
681 2439 700 2468 S
842 2441 880 2470 12
908 2439 1227 2479 complecterentur
1251 2440 1280 2469 A
1420 2440 1459 2470 15
1491 2439 1692 2479 pertineret
1718 2439 1770 2469 erl.

178 2486 305 2526 Zumpt.
332 2490 363 2516 et
386 2486 492 2516 litum.
521 2495 641 2515 errore
668 2495 848 2525 operarum
943 2486 982 2515 10
1009 2484 1147 2524 quidem
1164 2485 1192 2514 A
1287 2484 1350 2515 scd
1376 2485 1452 2516 edd.
1478 2488 1558 2517 nell.
1586 2483 1771 2514 etAGMS

270 2532 308 2561 18
336 2531 542 2562 elocutione
569 2531 633 2560 Sa:
663 2530 905 2561 elocutionem
931 2527 1094 2570 A('.³)GM
1222 2532 1261 2561 19
1288 2529 1382 2560 alias
1411 2529 1532 2559 linitas
1558 2540 1617 2560 om.
1643 2529 1672 2558 A
1697 2530 1768 2559 Im.

266 2580 362 2617 temp
404 2576 493 2607 locis
519 2576 643 2605 AGM:
671 2574 761 2606 loeis
788 2575 1011 2616 temporibus
1037 2575 1086 2608 ὃς
1182 2575 1415 2606 continentur
1439 2575 1502 2603 MS
1617 2576 1659 2605 20
1686 2573 1771 2614 quid

176 2622 282 2651 MSa:
311 2621 372 2661 qui
397 2621 460 2651 AG
555 2622 593 2651 21
623 2620 848 2661 uituperatio
874 2619 914 2649 A¹
1011 2622 1051 2650 22
1079 2630 1244 2661 quaeque
1272 2622 1353 2660 post
1378 2621 1484 2651 malim
1583 2620 1624 2650 23
1651 2621 1771 2649 essent

176 2667 203 2695 A
230 2670 265 2707 (e
293 2667 324 2696 in
351 2678 418 2696 ras.
445 2666 584 2705 mutim-e)
702 2668 824 2696 tractu
848 2665 926 2695 A¹G
1042 2666 1085 2696 24
1111 2666 1262 2696 terciam
1288 2665 1355 2704 As,
1382 2666 1444 2696 sed
1469 2664 1561 2695 ciam
1587 2664 1615 2693 A
1641 2665 1672 2694 in
1698 2674 1769 2695 ras.

176 2710 354 2742 ‘i'remiam
381 2712 418 2751 G,
448 2711 643 2742 accederet
669 2714 811 2741 ternam
836 2711 870 2739 M
976 2714 1079 2751 parte
1109 2721 1151 2741 ex
1177 2711 1362 2741 coiectura
1389 2710 1415 2739 G
1528 2710 1570 2739 25
1597 2711 1769 2748 possetne

180 2757 253 2786 lieri
281 2757 352 2786 AM
379 2756 455 2795 (sed
479 2757 508 2786 A
534 2756 603 2786 neti
630 2759 661 2786 z'n
688 2767 758 2786 rus.
785 2756 946 2795 maio7·e).·
974 2759 1096 2795 posset
1123 2756 1244 2796 (posse
1272 2756 1306 2795 S)
1334 2764 1378 2785 nc
1406 2753 1541 2784 finierit
1561 2754 1614 2782 Gs
1708 2753 1768 2784 de-

178 2801 398 2831 liberaretur
423 2803 486 2831 Sa:
516 2801 735 2832 liberaretur
760 2801 834 2841 AG,
863 2800 1041 2831 liberatur
1065 2801 1100 2830 M
1193 2802 1234 2831 27
1262 2799 1521 2831 controuersiis
1545 2798 1573 2827 A
1666 2800 1709 2829 28
1735 2799 1769 2828 111

179 2846 392 2885 quibusdam
420 2847 661 2877 intentionem
689 2847 791 2878 modo
824 2845 1073 2887 depulsionem
1106 2856 1211 2887 porro
1237 2845 1368 2875 AGMS
1401 2844 1478 2883 (scd
1500 2843 1528 2872 A
1555 2842 1769 2882 quibusdam

177 2892 411 2922 intentionem}
439 2903 478 2922 m.
496 2895 515 2922 2
541 2893 574 2922 in
599 2903 667 2924 νας.
696 2893 857 2931 maim·‹’),·
882 2893 1079 2923 swelcnez'am.
1105 2901 1250 2921 mum-am
1276 2890 1408 2930 effreaejt'e
1433 2890 1602 2929 supplesti!
1629 2888 1767 2919 Seleuci:

181 2936 320 2976 Opus-w.
353 2937 467 2976 philol,
492 2948 526 2978 p.
548 2939 614 2967 310·
640 2938 712 2967 coll.
736 2940 767 2972 3,
788 2939 816 2973 (i,
841 2939 877 2967 lo·
903 2945 933 2967 cc
965 2937 1027 2967 iam
1054 2941 1130 2967 {tiele
1156 2940 1224 2966 emh
1251 2936 1391 2975 Happel
1418 2934 1517 2966 Anas.
1543 2934 1617 2964 (ψίί.
1648 2944 1684 2974 J).
1712 2935 1765 2972 11,
