1939 3228
802 155 883 185 ΧΠ.
933 152 987 198 10,
1010 151 1184 184 62—72.
1706 141 1788 183 357

196 259 365 316 plenius
397 258 555 312 aliquid
587 259 712 313 atque
743 258 940 299 subtilius
972 259 1014 299 et
1040 255 1285 299 uehementi
1315 255 1531 297 remissius
1563 257 1690 311 atque
1721 269 1789 297 ue-

196 327 438 370 hementius
468 326 708 380 inuenitur,
748 328 796 367 ut
825 325 930 367 illud
960 325 1055 367 lene
1088 327 1161 366 aut
1192 323 1384 366 ascendit
1423 323 1475 364 ad
1505 324 1684 365 fortiora
1716 326 1789 365 aut

198 396 250 438 ad
287 393 485 437 tenuiora
524 394 818 436 summittitur.
888 407 937 435 ac
983 393 1043 434 sic
1080 406 1212 448 prope
1256 392 1589 433 innumerabiles
1628 392 1790 446 species

196 463 481 520 reperiuntur,
515 477 622 518 quae
652 462 798 517 utique
830 461 970 516 aliquo
992 463 1208 503 momento
1228 460 1342 501 inter
1363 475 1407 501 se
1429 460 1647 501 differant:
1680 459 1791 501 sicut

162 545 178 571 5
197 535 397 588 quattuor
426 533 576 573 uentos
608 530 869 586 generaliter
899 543 923 570 a
953 529 1132 570 totidem
1170 528 1317 569 mundi
1350 528 1594 569 cardinibus
1627 527 1789 582 accepi-

197 615 290 641 mus
320 599 436 653 flare,
469 613 565 640 cum
594 598 768 640 interim
798 597 971 652 plurimi
1002 596 1130 638 medii
1161 598 1203 638 et
1234 610 1378 637 eorum
1408 596 1528 637 uaria
1550 596 1726 637 nomina
1748 597 1790 636 et

197 667 370 723 quidam
408 667 539 708 etiam
575 666 799 721 regionum
838 679 887 706 ac
924 664 1148 706 fluminum
1193 664 1355 719 proprii
1399 663 1788 719 deprehenduntur.

199 735 430 791 eademque
461 734 634 776 musicis
664 734 774 775 ratio
807 735 883 787 est,
915 733 987 788 qui
1019 747 1114 775 cum
1144 732 1190 773 in
1223 732 1386 773 cithara
1417 732 1603 787 quinque
1636 731 1790 772 consti·
1804 732 1858 772 68

197 805 374 846 tuerunt
412 817 559 857 sonos,
606 802 791 857 plurima
837 801 990 843 deinde
1028 801 1239 843 uarietate
1287 800 1501 855 complent
1539 799 1679 854 spatia
1716 799 1791 840 illa

147 887 181 911 10
198 886 440 925 neruorum,
475 873 599 926 atque
620 870 706 924 his,
734 884 837 925 quos
858 869 1220 924 interposuerunt,
1240 869 1436 910 inserunt
1457 867 1575 922 alios,
1598 869 1646 908 ut
1667 867 1791 922 pauci

199 940 262 982 illi
290 939 500 981 transitus
530 938 686 980 multos
718 937 874 993 gradus
906 936 1107 978 habeant.

311 1007 460 1049 Plures
504 1007 638 1062 igitur
681 1006 812 1047 etiam
857 1004 1123 1059 eloquentiae
1168 1004 1320 1059 facies,
1375 1005 1447 1045 sed
1493 1004 1790 1045 stultissimum
1805 1004 1858 1045 69

199 1090 423 1132 quaerere,
465 1075 517 1116 ad
556 1089 683 1130 quam
722 1088 765 1115 se
796 1075 989 1114 recturus
1021 1073 1077 1114 sit
1107 1075 1268 1126 orator,
1309 1087 1403 1113 cum
1443 1072 1581 1113 omnis
1613 1071 1789 1126 species,

200 1160 308 1200 quae
347 1144 471 1186 modo
510 1145 628 1185 recta
668 1144 753 1197 est,
802 1141 961 1183 habeat
998 1155 1141 1194 usum,
1181 1143 1307 1195 atque
1346 1140 1388 1181 id
1426 1140 1567 1194 ipsum
1606 1154 1694 1180 non
1736 1140 1791 1180 sit

148 1226 180 1252 15
198 1212 401 1266 oratoris,
450 1211 560 1266 quod
600 1211 729 1266 uulgo
774 1224 944 1266 genus
984 1208 1196 1250 dicendi
1234 1210 1404 1249 uocant.
1473 1210 1616 1250 utetur
1656 1207 1785 1261 enim,

199 1284 247 1323 ut
277 1296 345 1322 res
376 1280 533 1335 exiget,
572 1279 782 1332 omnibus,
823 1292 903 1319 nec
934 1291 1010 1332 pro
1043 1291 1169 1318 causa
1200 1277 1344 1330 modo,
1387 1276 1459 1318 sed
1490 1291 1567 1331 pro
1598 1276 1792 1330 partibus

201 1363 367 1392 causae.
428 1363 528 1389 nam
565 1349 613 1388 ut
651 1362 738 1388 non
778 1346 923 1387 eodem
954 1345 1076 1386 modo
1113 1359 1189 1399 pro
1221 1359 1291 1385 reo
1325 1345 1476 1399 capitis
1509 1347 1552 1385 et
1581 1345 1627 1385 in
1660 1346 1792 1385 certa·
1807 1344 1860 1385 70

200 1419 315 1460 mine
345 1415 597 1458 hereditatis
636 1416 678 1456 et
717 1414 767 1455 de
805 1413 1044 1455 interdictis
1084 1428 1132 1454 ac
1171 1413 1470 1466 sponsionibus
1509 1415 1551 1453 et
1587 1412 1637 1453 de
1678 1414 1794 1453 certa

203 1486 364 1528 credita
403 1484 535 1533 dicet,
575 1482 884 1525 sententiarum
923 1496 1088 1536 quoque
1128 1481 1169 1521 in
1213 1483 1362 1521 senatu
1401 1483 1442 1522 et
1475 1480 1720 1522 contionum
1752 1482 1794 1521 et

149 1569 181 1593 20
201 1554 464 1609 priuatorum
497 1550 769 1593 consiliorum
801 1550 990 1591 seruabit
1020 1549 1281 1602 discrimina,
1315 1549 1449 1590 multa
1481 1563 1530 1590 ex
1554 1548 1793 1589 differentia

200 1635 491 1678 personarum,
530 1620 719 1661 locorum
749 1620 1073 1673 temporumque
1107 1617 1312 1658 mutabit:
1359 1617 1420 1658 ita
1449 1617 1495 1657 in
1527 1616 1673 1657 eadem
1704 1631 1795 1657 ora-

199 1691 317 1733 tione
349 1694 468 1731 ale'ter
497 1691 727 1741 concitabit,
761 1687 885 1728 aliter
917 1685 1175 1739 conciliabit,
1209 1700 1295 1726 non
1328 1700 1377 1726 ex
1408 1685 1540 1726 isdem
1572 1684 1793 1725 haustibus

201 1759 310 1800 iram
341 1760 383 1799 et
412 1755 746 1798 misericordiam
778 1757 916 1810 petet,
960 1754 1065 1794 alias
1106 1754 1158 1794 ad
1190 1753 1446 1807 docendum,
1490 1753 1593 1794 alias
1626 1753 1677 1793 ad
1708 1767 1794 1793 mo-

202 1826 388 1868 uendum
419 1824 640 1866 adhibebit
670 1824 788 1865 artis.
850 1837 933 1863 non
968 1837 1077 1863 unus
1110 1821 1224 1863 color
1254 1821 1478 1875 prooemii,
1518 1821 1856 1875 nai·1·ationis,71

151 1906 183 1931 25
204 1896 568 1950 argumentorum,
600 1891 871 1947 egressionis,
912 1890 1194 1945 perorationis
1226 1889 1478 1930 seruabitur.
1541 1889 1653 1930 dicet
1682 1889 1794 1930 idem

202 1963 406 2019 grauiter,
440 1975 599 2014 seuere,
633 1960 802 2013 acriter,
835 1958 1124 2012 uehementer,
1159 1957 1385 2012 concitate,
1421 1957 1601 2012 copiose,
1637 1971 1792 2010 amare,

204 2031 392 2085 comiter,
424 2029 612 2081 remisse,
646 2028 873 2080 subtiliter,
907 2026 1084 2079 blande,
1125 2026 1281 2067 leniter
1315 2024 1550 2082 [dulciter],
1592 2025 1792 2078 breuiter,

202 2099 384 2153 urbane,
424 2112 511 2139 non
543 2097 697 2151 ubique
730 2095 899 2148 similis,
938 2094 1010 2135 sed
1041 2094 1196 2149 ubique
1236 2108 1314 2148 par
1345 2094 1437 2134 sibi.
1507 2094 1567 2134 sic
1597 2093 1670 2134 fiet
1703 2107 1796 2140 cum
1811 2093 1863 2134 72

297 2274 312 2303 1
333 2270 383 2312 et]
402 2274 441 2303 ut
458 2271 553 2302 GMS
624 2271 643 2300 ΞΖ
670 2268 751 2300 leue
777 2269 838 2298 MS
911 2267 1087 2299 ascendet
1104 2268 1202 2297 GMS
1275 2270 1336 2297 :tut
1361 2267 1531 2297 tenuiora
1550 2266 1617 2296 GM
1698 2267 1717 2297 3
1743 2265 1795 2296 Sic

203 2320 256 2349 M:
284 2318 315 2349 si
339 2318 394 2348 GS
464 2315 606 2359 proprie
634 2316 653 2345 S
723 2316 744 2345 4
770 2313 1024 2355 repperiuntur
1042 2313 1068 2343 G
1140 2322 1232 2352 quac
1260 2324 1318 2344 om.
1345 2313 1379 2341 M
1465 2313 1484 2343 5
1511 2322 1531 2342 a
1558 2310 1708 2342 Badius:
1734 2321 1795 2342 om.

205 2364 301 2395 GMS
419 2361 631 2393 cardinibus
656 2361 706 2390 M:
734 2358 957 2391 carminibus
983 2359 1037 2388 Gs
1154 2358 1355 2399 accipimus
1381 2358 1400 2387 S
1522 2357 1541 2387 6
1567 2356 1671 2387 uaria
1699 2358 1798 2387 esset

205 2409 331 2449 (etiam
358 2406 394 2448 S)
421 2417 545 2449 regum
574 2416 616 2437 ac
643 2405 826 2436 fluminum
852 2405 918 2434 MS
1036 2404 1052 2433 7
1081 2403 1236 2444 propriis
1261 2404 1297 2432 M
1412 2404 1432 2433 S
1460 2402 1638 2433 rationest
1664 2401 1690 2431 G

205 2454 359 2495 cythara
385 2454 454 2484 GM
548 2454 567 2483 9
593 2452 752 2482 ueritate
777 2451 797 2480 S
889 2448 1031 2479 illorum
1058 2449 1093 2478 M
1190 2450 1230 2479 lo
1257 2452 1365 2489 atque
1393 2448 1448 2478 his
1476 2451 1583 2487 atquc
1611 2447 1679 2477 huc
1707 2456 1795 2487 quos

205 2500 259 2531 Gs
354 2499 651 2540 interposuerant
676 2496 702 2527 G
796 2495 960 2525 inserunt
986 2505 1048 2527 mn.
1074 2495 1093 2524 S
1189 2495 1227 2524 12
1256 2494 1358 2524 faces
1383 2494 1417 2523 M
1512 2492 1793 2523 subtilissimum

207 2555 314 2587 quere
341 2547 361 2575 S
471 2544 511 2574 13
538 2552 576 2573 se
602 2553 664 2573 om.
691 2542 726 2571 M
846 2541 885 2570 14
911 2539 1050 2570 habent
1077 2540 1096 2569 S
1191 2542 1301 2580 atquc
1329 2538 1374 2569 ad
1399 2539 1419 2568 S
1445 2542 1477 2569 et
1504 2540 1575 2570 Im.
1604 2537 1629 2567 G
1723 2547 1795 2568 non

205 2591 253 2621 sit
279 2590 395 2620 GMS:
423 2598 527 2619 omne
554 2587 601 2618 sit
625 2588 678 2617 ed.
706 2587 834 2617 Aldina
859 2590 890 2616 et
917 2586 1081 2616 editiones
1104 2585 1180 2625 fere
1206 2594 1317 2615 omues
1457 2584 1497 2614 15
1524 2585 1646 2613 orator
1670 2583 1706 2611 M

205 2638 344 2666 tutetur
369 2635 422 2664 Gs
563 2634 602 2663 17
629 2642 711 2662 nam
738 2642 808 2663 non
834 2635 874 2662 ut
899 2631 964 2668 GS,
991 2633 1030 2661 ut
1055 2641 1114 2661 om.
1134 2631 1169 2659 M
1309 2630 1349 2660 18
1375 2628 1418 2659 de
1446 2628 1590 2659 intertis
1608 2628 1646 2667 G,
1674 2627 1717 2657 ‹le
1744 2627 1796 2657 in-

206 2680 320 2713 terius
345 2680 410 2709 MS
505 2680 545 2709 19
572 2687 712 2719 quoque
739 2687 801 2710 om.
827 2677 846 2706 S
939 2677 981 2706 ⁶2⁴»
1007 2675 1122 2706 multa
1148 2676 1190 2706 G:
1217 2675 1296 2705 uita
1321 2676 1352 2711 S,
1380 2674 1492 2705 uitam
1517 2674 1552 2702 M
1652 2674 1692 2703 '21
1721 2681 1797 2702 mu-

206 2726 302 2757 tauit
319 2743 362 2746 —
380 2723 596 2756 conciliauit
622 2724 675 2754 GS
769 2723 810 2752 ‘2⁴2
837 2721 946 2752 aliter
971 2721 1171 2752 concitabit
1195 2721 1431 2760 sapplenimus,
1460 2718 1567 2749 aliter
1592 2718 1796 2748 inflamma-

206 2772 262 2803 bit
286 2771 421 2802 addidit
446 2770 597 2801 Rollinzzs
693 2767 829 2799 eisdem
849 2768 894 2805 M,
921 2766 1062 2797 hisdem
1089 2766 1142 2796 GS
1236 2765 1427 2795 haustibus
1447 2765 1491 2794 G:
1521 2764 1554 2794 ei
1580 2762 1746 2794 uastibus
1765 2764 1795 2802 S,

207 2816 376 2858 partibus
400 2816 436 2846 M
529 2816 571 2846 ‘23
598 2813 691 2844 alios
717 2827 759 2831 —-
786 2812 869 2843 aliis
895 2814 914 2843 S
1008 2810 1222 2842 monendum
1249 2811 1310 2840 MS
1409 2811 1451 2840 ⁴24
1478 2812 1576 2839 artes
1603 2816 1623 2842 ς
1717 2818 1797 2849 pro-

207 2862 328 2894 hoemi
353 2862 391 2901 G,
418 2859 595 2902 prohemii
620 2859 683 2889 MS
800 2858 842 2888 ‘26
870 2857 1005 2888 acriter
1031 2857 1196 2888 breuiter
1222 2856 1440 2887 urbanetate
1467 2856 1493 2885 G
1521 2856 1592 2886 Im.
1619 2854 1681 2885 sed
1705 2864 1795 2885 corr.

208 2908 323 2939 eadem
348 2906 585 2938 uehementer
612 2904 796 2935 concitate
892 2903 1079 2934 concitare
1098 2902 1132 2932 M
1226 2899 1363 2942 amare]
1393 2900 1476 2941 quia
1502 2910 1538 2930 re
1557 2900 1576 2929 S
1670 2899 1711 2930 27
1739 2909 1796 2930 co—

208 2953 355 2984 miterte
374 2951 400 2982 G
493 2950 648 2982 dulciter
665 2949 777 2981 Christ
794 2948 887 2980 obelo
914 2949 1043 2979 notauit
1067 2951 1163 2978 acute
1189 2956 1336 2985 monem,
1360 2950 1487 2986 septem
1513 2954 1585 2976 esse
1609 2946 1711 2985 paria
1737 2945 1797 2975 [nl-

209 2997 397 3029 uerbiornm
422 2998 510 3028 inter
534 3006 570 3027 se
595 2995 866 3036 respondenlz'mn
972 2993 1012 3024 28
1040 2992 1146 3024 simul
1173 2992 1235 3023 sed
1259 2992 1320 3021 MS
1415 3001 1498 3032 pars
1524 2989 1586 3020 ubi
1611 2989 1662 3020 sic
1687 2990 1706 3019 S
