1939 3228
491 127 572 157 ΧΠ.
627 124 661 168 3,
687 122 858 153 11-—1-2.
905 120 939 165 4,
964 119 1089 151 1—2.
1142 116 1176 162 5,
1202 116 1327 147 1—6.
1620 102 1702 144 333

117 233 194 287 gat
224 244 303 271 nec
334 228 588 270 adclamatio
620 228 779 268 terreat
816 239 895 266 nec
935 222 1200 265 audientium
1231 218 1461 261 auctoritas
1492 217 1604 258 ultra
1635 216 1702 256 de-

116 299 249 340 bitam
280 296 564 338 reuerentiam
594 295 745 335 tardet.
814 307 914 334 nam
952 293 1000 332 ut
1039 288 1324 331 abominanda
1361 288 1461 328 sunt
1492 283 1744 327 contraria?

116 367 182 407 his
213 365 321 406 uitia
355 363 649 416 confidentiae,
682 360 951 413 temeritatis,
984 356 1278 413 inprobitatis,
1312 353 1611 409 adrogantiae,
1644 351 1705 391 ita

121 435 227 476 citra
251 432 550 484 constantiam,
574 429 787 482 fiduciam,
820 427 1117 469 fortitudinem
1138 424 1246 465 nihil
1269 438 1350 476 ars,
1373 421 1481 463 nihil
1503 419 1703 471 studium,

82 514 98 539 5
117 501 225 542 nihil
256 500 473 555 profectus
503 499 594 552 ipse
624 489 846 552 profuerit,
880 497 927 536 ut
957 495 992 535 si
1024 494 1096 534 des
1127 507 1244 533 arma
1274 489 1434 532 timidis
1466 491 1508 529 et
1528 486 1706 528 imbelli-

70 854 102 878 10

90 992 105 999 χ

76 1533 109 1556 20

118 569 210 610 bus.
271 568 432 608 inuitus
463 581 529 609 me
559 565 752 606 hercules
783 564 890 616 dico,
931 562 1130 617 quoniam
1162 562 1204 601 et
1235 559 1357 600 aliter
1389 556 1525 610 accipi
1554 556 1706 609 potest,

118 637 255 691 ipsam
285 634 600 687 uerecundiam,
633 632 784 673 uitium
815 630 997 685 quidem,
1031 628 1104 670 sed
1136 627 1316 668 amabile
1339 627 1381 667 et
1402 638 1507 679 quae
1528 623 1707 663 uirtutes

118 703 321 745 facillime
342 703 532 757 generet,
557 716 647 742 esse
667 699 839 741 interim
862 698 1083 739 aduersam
1100 695 1329 749 multisque
1349 694 1395 734 in
1418 706 1544 734 causa
1564 690 1708 742 fuisse,

119 774 167 813 ut
204 771 316 812 bona
354 770 519 825 ingenii
567 769 778 823 studiique
818 767 863 807 in
900 766 1038 806 lucem
1074 779 1162 806 non
1200 762 1367 817 prolata
1405 761 1490 802 situ
1528 758 1708 813 quodam

121 840 273 881 secreti
306 839 694 880 consumerentur·
731 836 839 877 sciat
878 836 1038 887 autem,
1080 832 1115 873 si
1153 832 1246 886 quis
1286 830 1391 870 haec
1427 829 1538 869 forte
1568 826 1749 869 minus3

121 907 260 948 adhuc
290 907 452 961 peritus
484 903 776 959 distinguendi
807 903 894 944 uim
926 902 1126 955 cuiusque
1164 898 1279 941 uerbi
1319 898 1453 952 leget,
1493 909 1580 936 non
1618 907 1709 947 pro—

123 976 302 1016 bitatem
334 989 358 1014 a
388 988 454 1014 me
486 972 697 1027 reprendi,
730 971 802 1012 sed
834 969 1146 1021 uerecundiam,
1180 981 1286 1021 quae
1309 968 1372 1007 est
1392 965 1520 1005 timor
1540 961 1711 1017 quidam

122 1043 327 1084 reducens
359 1042 547 1082 animum
578 1040 631 1081 ab
661 1040 726 1092 iis,
768 1053 875 1093 quae
912 1036 1111 1078 facienda
1148 1037 1266 1076 sunt:
1305 1033 1403 1074 inde
1441 1030 1632 1073 confusio
1671 1031 1714 1069 et

125 1111 261 1166 coepti
292 1110 558 1165 paenitentia
590 1111 633 1149 et
662 1107 844 1148 subitum
879 1105 1109 1146 silentium.
1153 1103 1244 1158 quis
1266 1115 1390 1156 porro
1412 1100 1577 1141 dubitet
1596 1097 1712 1138 uitiis

90 1193 105 1217 5
126 1179 365 1220 adscribere
397 1178 625 1230 adfectum,
658 1178 833 1230 propter
863 1188 986 1228 quem
1017 1173 1158 1213 facere
1180 1171 1357 1212 honeste
1379 1168 1538 1223 pudet‘?
1577 1169 1753 1220 nequeat

125 1262 203 1302 ego
234 1261 379 1287 rursus
409 1245 507 1286 nolo
539 1259 655 1297 eum,
697 1243 766 1298 qui
799 1242 855 1283 sit
885 1242 1095 1294 dicturus7
1136 1242 1179 1280 et
1208 1238 1436 1280 sollicitum
1467 1248 1641 1289 surgere
1673 1235 1715 1273 et

127 1315 263 1356 colore
301 1313 457 1355 mutari
497 1315 538 1353 et
574 1312 809 1367 periculum
848 1309 1121 1363 intellegere:
1161 1321 1266 1362 quae
1305 1306 1339 1347 si
1378 1319 1464 1346 non
1503 1302 1713 1354 accident,

126 1383 255 1424 etiam
287 1381 527 1423 simulanda
559 1382 697 1421 erunt.
760 1379 832 1420 sed
863 1377 1106 1419 intellectus
1136 1376 1206 1416 hic
1237 1375 1293 1415 sit
1322 1372 1481 1428 operis,
1515 1385 1601 1411 non
1632 1383 1716 1410 me-

126 1454 216 1505 tus,
258 1462 607 1503 moneamurque,
648 1462 735 1488 non
767 1446 1051 1488 concidamus.
1119 1443 1280 1498 optima
1312 1443 1375 1482 est
1405 1442 1546 1481 autem
1578 1452 1717 1478 emen-

129 1519 243 1559 datio
287 1517 568 1558 uerecundiae
613 1516 768 1557 fiducia
812 1517 854 1556 et
892 1513 1127 1569 quamlibet
1164 1509 1364 1552 inbecilla
1402 1508 1520 1548 frons
1560 1519 1717 1560 magna

131 1585 394 1628 conscientia
425 1585 673 1626 sustinetur.

243 1654 353 1695 Sunt
383 1656 425 1694 et
455 1653 684 1707 naturalia,
717 1654 765 1692 ut
795 1665 922 1705 supra
954 1650 1054 1703 dixi,
1088 1663 1194 1703 quae
1224 1650 1367 1688 tamen
1390 1646 1431 1685 et
1454 1658 1552 1685 cura
1572 1643 1759 1686 iuuari-5

130 1725 212 1776 tur,
245 1722 553 1776 instrumenta,
580 1735 675 1775 uox,
708 1720 833 1773 latus,
866 1719 1010 1759 decor:
1042 1731 1149 1772 quae
1180 1714 1347 1770 quidem
1370 1714 1538 1753 tantum
1559 1710 1717 1763 ualent,

130 1793 178 1831 ut
204 1791 451 1845 frequenter
471 1790 631 1830 faniam
652 1788 818 1843 ingenii
839 1787 1015 1828 faciant.
1057 1785 1206 1825 habuit
1227 1784 1413 1824 oratores
1436 1782 1553 1820 aetas
1574 1780 1721 1818 nostra

80 1872 101 1895 ἱ·
134 1859 401 1913 copiosiores,
435 1858 522 1911 sed,
564 1872 657 1898 cum
689 1856 868 1908 diceret,
910 1854 1095 1895 eminere
1126 1852 1239 1892 inter
1270 1848 1457 1903 aequalis
1487 1846 1721 1888 Trachalus

135 1926 371 1967 uidebatur.
416 1941 464 1967 ea
496 1925 683 1979 corporis
706 1923 944 1965 sublimitas
967 1923 1071 1974 erat,
1105 1920 1140 1960 is
1163 1919 1286 1960 ardor
1308 1916 1536 1968 oculorum,
1567 1913 1722 1954 frontis

134 1995 377 2048 auctoritas,
409 1997 555 2049 gestus
587 1992 868 2049 praestantia,
902 2005 983 2031 uox
1015 1988 1183 2043 quidem
1214 2001 1322 2040 non,
1363 1987 1408 2025 ut
1439 1983 1585 2025 Cicero
1617 1980 1722 2022 desi-

136 2063 268 2116 derat,
302 2077 438 2117 paene
469 2061 790 2116 tragoedorum,
831 2059 903 2100 sed
934 2072 1061 2112 super
1091 2056 1249 2108 omnis,
1292 2068 1395 2108 quos
1438 2065 1516 2105 ego
1555 2050 1723 2105 quiden]

136 2131 354 2184 audierim,
393 2130 631 2184 tragoedos.
695 2130 806 2169 certe
839 2141 934 2168 cum
965 2126 1009 2166 in
1048 2124 1224 2165 basilica
1255 2122 1362 2163 Iulia
1400 2121 1558 2161 diceret
1589 2111 1763 2171 primos}

86 2211 100 2234 3
135 2198 353 2252 tribunali,
386 2201 587 2252 quattuor
619 2199 760 2237 autem
790 2194 959 2248 iudicia,
993 2195 1039 2233 ut
1061 2192 1188 2233 moris
1211 2193 1288 2244 est,
1324 2190 1577 2244 cogerentur
1600 2188 1724 2239 atque

231 2317 285 2347 27.
313 2315 356 2345 dc
384 2313 485 2345 Orat.
513 2314 542 2353 J,
568 2313 622 2352 28,
652 2312 724 2344 1⁶28.

232 2418 247 2447 1
277 2418 416 2447 terreat
439 2415 492 2454 Bg
516 2424 606 2446 corr.
632 2424 678 2444 ea:
703 2415 841 2444 terrent
935 2410 1132 2442 austeritas
1158 2410 1193 2438 M
1292 2406 1454 2438 debitum
1480 2406 1500 2435 b
1608 2405 1627 2434 2
1654 2407 1725 2433 tra·

139 2464 200 2495 (let
224 2464 244 2493 b
337 2463 358 2492 4
385 2465 483 2491 artes
509 2460 578 2490 ΒΜ
671 2460 691 2489 5
716 2458 829 2489 fuerit
854 2458 889 2486 M
983 2459 1019 2487 et
1045 2454 1203 2486 bellibus
1227 2454 1247 2483 b
1341 2453 1360 2483 6
1386 2461 1440 2482 me
1467 2448 1614 2481 hercule
1641 2449 1675 2478 M

140 2510 160 2541 S
186 2507 331 2538 interim
360 2505 549 2537 aduersam
577 2505 682 2536 Iulius
713 2503 851 2535 Victor:
878 2503 972 2533 inter
998 2501 1151 2532 aduersa
1177 2499 1252 2530 libri
1278 2504 1310 2529 et
1335 2506 1354 2532 ς
1448 2498 1467 2527 9
1494 2492 1547 2535 ut]
1577 2497 1613 2525 et
1638 2494 1658 2524 b

140 2553 265 2594 ingeni
291 2552 328 2591 B,
354 2553 430 2582 ilem
455 2548 473 2585 ἓ
500 2553 520 2581 5
613 2550 685 2580 sita
710 2549 730 2578 b
826 2549 866 2579 10
893 2547 987 2578 sciat
1014 2549 1077 2577 aut
1101 2546 1121 2576 b
1217 2545 1253 2574 11
1283 2543 1328 2574 ad
1354 2543 1448 2573 hunc
1473 2541 1495 2570 b
1587 2539 1689 2578 leges
1707 2539 1728 2567 b

233 2600 272 2628 12
300 2595 515 2638 reprehendi
541 2595 646 2636 Μῦς,
675 2593 861 2635 repudiari
894 2593 1014 2623 Victor
1107 2600 1178 2631 qua
1204 2592 1260 2620 est
1284 2588 1321 2626 B,
1348 2597 1454 2629 quam
1480 2586 1526 2624 M,
1556 2588 1610 2615 est
1633 2585 1653 2614 b

143 2646 183 2675 13
209 2643 291 2673 inde
318 2643 344 2673 B
370 2647 401 2673 ec
424 2642 500 2681 fere
526 2650 646 2676 omnes,
673 2641 748 2671 item
779 2638 918 2669 Victor:
944 2637 1038 2668 unde
1066 2637 1129 2669 Μς
1225 2635 1264 2665 15
1290 2634 1445 2664 honesta
1470 2630 1638 2671 Spalding]

144 2690 182 2720 16
208 2688 290 2720 uolo
315 2689 351 2717 M
490 2687 529 2717 17
557 2685 678 2716 colore
705 2684 835 2715 mutari
859 2683 885 2713 B
912 2687 943 2714 et
974 2684 1115 2713 Victor:
1148 2679 1267 2711 colore
1295 2681 1433 2709 mutare
1459 2676 1539 2712 Mb,
1574 2674 1728 2706 colorem

142 2737 283 2765 mutare
310 2734 363 2764 ed.
390 2733 484 2763 deux.
511 2736 543 2762 el
568 2739 608 2769 «33
635 2731 679 2770 ef,
699 2732 730 2765 4,
751 2731 779 2767 1,
799 2731 840 2759 61
866 2729 1007 2759 turbari
1033 2725 1206 2758 memoria
1345 2721 1557 2754 acciderent
1580 2720 1670 2759 ΒΜ,
1697 2723 1729 2749 et

142 2781 216 2813 eod,
248 2779 407 2817 Victoris,
434 2789 492 2808 em.
518 2778 550 2807 in
577 2777 652 2807 edd.
681 2780 760 2808 nell.
788 2786 830 2805 αη
858 2773 1086 2804 acciderint?
1206 2771 1244 2801 18
1271 2771 1376 2800 erant
1400 2768 1422 2797 b
1447 2771 1478 2797 et
1510 2766 1628 2796 Vz'clm·

144 2825 203 2856 hic
231 2824 301 2855 siet
324 2825 357 2864 b,
385 2823 442 2853 liic
471 2824 500 2853 si
526 2823 561 2851 M
656 2822 695 2852 19
723 2818 956 2851 concidamus
982 2829 1042 2850 om.
1070 2818 1105 2846 M
1198 2816 1240 2846 ‘24
1266 2814 1407 2845 faciant
1430 2813 1468 2842 b:
1496 2811 1637 2842 facient
1659 2810 1731 2840 ΒΜ

234 2870 276 2900 25
301 2868 425 2900 dicere
451 2872 589 2898 temere
616 2866 712 2896 inter
736 2866 757 2895 b
851 2863 1015 2905 aequalis
1040 2863 1091 2893 Bn
1116 2866 1148 2892 el
1173 2871 1264 2894 corr.
1289 2860 1357 2898 Bg:
1386 2857 1560 2898 aequales
1585 2856 1637 2895 Bg
1656 2858 1728 2886 lm.

144 2919 176 2947 et
201 2916 236 2944 M
328 2916 369 2946 27
396 2924 467 2945 non
492 2914 512 2943 b
538 2917 615 2943 ante
641 2921 758 2952 paene
785 2910 884 2941 habel
969 2907 1156 2939 desiderat
1174 2906 1211 2936 b:
1239 2905 1362 2936 deside
1381 2904 1419 2944 B,
1447 2900 1733 2933 desiderabatM

235 2961 276 2991 ‘29
302 2963 399 3001 trag.
425 2962 523 2991 certe
552 2967 630 2989 cum
657 2968 720 2989 om.
743 2957 764 2986 b
859 2954 955 2987 Iulia
981 2964 1043 2986 om.
1070 2953 1104 2983 Μ
