1939 3228
796 100 856 130 vi.
905 97 939 143 3,
963 95 1155 139 96—104.
1690 85 1774 127 329

175 204 442 248 contumeliis
472 218 636 259 quoque
668 203 730 244 uti
761 201 870 244 belle
901 202 1045 244 datur:
1085 203 1132 243 ut
1161 200 1299 256 Hispo
1329 200 1532 242 obicienti
1564 200 1774 241 atrociora

175 273 354 316 crimina
385 271 635 326 accusatori,
668 277 758 312 ‘me
791 285 841 312 ex
872 272 915 312 te
945 270 1132 312 metiris’
1164 269 1318 324 inquit.
1369 270 1412 310 et
1441 268 1615 310 Fuluius
1645 271 1773 323 †pr0-

174 342 387 398 pinquuus
425 340 569 395 legato
607 338 915 394 interroganti,
963 354 1020 380 an
1057 339 1103 379 in
1140 337 1318 392 tabulis,
1364 351 1467 392 quas
1511 336 1770 392 proferebat,

177 408 488 465 chirographus
520 410 643 462 esset,
678 409 745 449 ‘et
774 411 922 449 uerus'
954 406 1094 461 inquit
1124 406 1358 448 ‘domine’.

140 501 156 527 5
287 477 379 519 Has
411 479 486 519 aut
516 476 662 531 accepi
694 476 856 531 species
889 477 964 517 aut
993 475 1139 517 inueni
1172 473 1561 529 frequentissimas,
1603 488 1652 515 ex
1684 473 1772 528 qui·
1796 473 1869 515 101

175 547 252 589 bus
282 545 461 588 ridicula
492 545 770 587 ducerentur:
809 544 882 586 sed
920 546 1112 598 repetam
1151 557 1324 584 neeesse
1363 543 1429 583 est
1458 542 1651 583 infinitas
1683 556 1774 583 esse

173 617 263 657 tam
301 615 410 656 salse
449 613 619 655 dicendi
657 628 784 671 quam
823 626 990 666 seuere,
1032 627 1136 667 quas
1175 612 1366 666 praestat
1397 625 1601 665 persona,
1641 610 1772 664 locus,

174 686 366 738 tempus,
411 697 531 724 casus
570 681 771 736 denique,
815 681 886 736 qui
925 682 989 722 est
1028 680 1211 721 maxime
1250 679 1406 721 uarius.
1469 679 1613 733 itaque
1651 677 1771 732 haec,
1796 678 1874 720 102

174 767 228 794 ne
266 751 457 793 omisisse
498 750 686 804 uiderer,
734 750 882 804 attigi:
927 748 1001 789 illa
1040 750 1202 802 autem,
1250 762 1357 803 quae
1397 748 1447 788 de
1485 761 1562 788 usu
1600 746 1693 801 ipso
1732 748 1775 788 et

41 813 79 833 ῤ’
125 821 298 867 10modo
328 819 495 861 iocandi
528 818 771 873 complexus
803 832 908 871 sum,
941 816 1044 858 adeo
1076 816 1248 858 infinita
1268 834 1289 858 *
1308 834 1327 857 *
1358 816 1486 870 plane
1517 815 1773 857 necessaria.

289 888 369 930 His
401 887 532 929 adicit
563 887 774 928 Domitius
796 886 978 939 Marsus,
1011 885 1083 940 qui
1106 884 1156 925 de
1178 884 1424 925 urbanitate
1446 884 1774 939 diligentissime

175 957 359 1012 scripsit,
393 956 600 1011 quaedam
631 970 718 996 non
749 953 942 1007 ridicula,
977 953 1048 995 sed
1072 953 1246 995 cuilibet
1268 952 1561 994 seuerissimae
1591 952 1773 993 orationi

176 1025 478 1067 conuenientia
510 1024 731 1078 eleganter
762 1023 876 1064 dicta
909 1024 951 1064 et
981 1021 1152 1076 proprio
1183 1021 1364 1076 quodam
1395 1020 1538 1075 lepore
1567 1021 1773 1063 iucunda:

174 1108 282 1149 quae
313 1095 414 1134 sunt
444 1093 613 1148 quidem
644 1092 822 1146 urbana,
857 1091 930 1132 sed
960 1091 1091 1131 risum
1122 1092 1266 1131 tamen
1299 1103 1385 1130 non
1416 1088 1590 1131 liabent.
1635 1104 1772 1144 neque
1795 1089 1872 1130 103

125 1183 156 1209 15
175 1162 289 1204 enim
321 1162 357 1203 ei
389 1162 439 1203 de
470 1162 578 1215 risu,
620 1160 690 1202 sed
724 1160 774 1201 de
813 1159 1060 1201 urbanitate
1092 1161 1155 1200 est
1195 1173 1299 1213 opus
1336 1158 1604 1212 institutum,
1649 1172 1775 1213 quam

174 1231 392 1287 propriam
432 1244 522 1271 esse
561 1232 732 1271 nostrae
773 1228 961 1270 ciuitatis
1003 1231 1047 1269 et
1086 1241 1178 1268 sero
1218 1227 1277 1268 sic
1322 1227 1517 1281 intellegi
1566 1228 1773 1281 coeptam,

174 1301 399 1355 postquam
431 1298 575 1340 urbis
606 1297 907 1353 appellatione,
942 1296 1109 1338 etiamsi
1142 1310 1297 1337 nomen
1320 1295 1539 1350 proprium
1570 1310 1657 1336 non
1689 1295 1775 1336 adi-

177 1370 342 1410 661615111-
353 1401 363 1422 ,
404 1367 584 1409 Romam
623 1368 766 1407 tamen
808 1366 945 1420 accipi
977 1365 1031 1406 sit
1063 1367 1295 1419 receptum.
1359 1378 1533 1419 eamque
1565 1364 1625 1405 316
1656 1363 1773 1405 finit:

175 1436 458 1478 urbanitas
491 1438 569 1477 est
601 1435 775 1476 uirtus
807 1434 1058 1489 quaedam
1090 1434 1139 1475 111
1176 1434 1333 1474 breue
1365 1432 1562 1474 dictum
1586 1435 1774 1474 coacta
1795 1431 1875 1473 104

125 1526 158 1550 20
176 1507 225 1546 et
255 1507 378 1560 apta
410 1504 469 1545 ad
501 1503 852 1545 delectandos
883 1502 1272 1556 mouendosque
1312 1501 1550 1542 homines
1588 1501 1641 1542 in
1673 1516 1774 1542 om-

175 1588 288 1615 nem
320 1572 590 1614 adfectum
623 1572 807 1626 animi,
841 1572 1064 1612 maxime
1096 1570 1288 1611 idonea
1320 1570 1379 1611 ad
1411 1570 1773 1611 resistendum

177 1642 258 1684 uel
289 1641 683 1694 lacessendum,
728 1642 886 1695 prout
928 1654 1167 1694 quaeque
1200 1654 1280 1680 res
1313 1640 1400 1689 aut
1431 1653 1658 1693 persona
1690 1639 1774 1680 (16-

177 1710 392 1752 siderat.
457 1710 521 1751 cui
554 1709 589 1750 si
621 1709 847 1750 breuitatis
879 1709 1173 1763 exceptionem
1214 1707 1472 1761 detraxeris,
1516 1707 1653 1748 01111113
1685 1722 1775 1748 ora-

176 1778 305 1820 tionis
337 1779 517 1820 uirtutes
550 1778 769 1832 complexa
801 1777 870 1818 sit.
933 1792 1032 1818 nam
1064 1777 1099 1817 si
1132 1777 1300 1817 constat
1340 1776 1463 1817 rebus
1496 1778 1538 1817 et
1567 1775 1774 1830 personis,

127 1866 158 1892 25
176 1847 287 1902 quod
318 1847 362 1888 in
394 1846 582 1901 utrisque
613 1848 809 1901 oporteat
838 1845 992 1899 dicere,
1026 1845 1243 1899 perfectae
1275 1844 1554 1899 eloquentiae·
1576 1846 1652 1886 est.
1704 1859 1777 1886 cur

1793 1928 1821 1946 *x

271 2046 283 2074 l
313 2043 367 2075 uti
392 2042 489 2075 belle
515 2043 560 2075 A:
588 2042 678 2074 utile
705 2041 801 2073 belle
827 2043 899 2081 MS,
926 2041 1016 2073 utile
1044 2041 1140 2073 bello
1166 2043 1192 2072 G
1332 2040 1508 2072 obicienti
1535 2040 1720 2073 atrociora
1747 2053 1777 2074 c.

177 2090 302 2131 scripsi
332 2090 464 2120 itu-erla
496 2090 711 2120 eonieclmwc:
744 2087 989 2119 obicientibus
1022 2088 1151 2119 arbore
1180 2087 1334 2118 crimina
1365 2086 1459 2125 libri,
1499 2086 1694 2118 obiicienti
1723 2087 1777 2117 bis

179 2135 314 2166 acci-ba
340 2135 493 2166 crimina
519 2135 596 2166 edd.
626 2132 689 2174 (sic
715 2134 777 2164 iam
802 2134 855 2164 ed.
884 2134 998 2174 Camp.
1023 2134 1086 2165 sed
1109 2144 1171 2165 om.
1199 2136 1311 2173 [nepio
1339 2132 1408 2170 bis)
1541 2133 1560 2163 2
1587 2142 1640 2163 me
1670 2142 1713 2163 ex
1740 2135 1776 2163 te

179 2180 316 2212 metiris
345 2180 546 2211 Buttmann:
573 2179 704 2211 mentis
729 2179 847 2219 AGM,
876 2178 1042 2210 mentiris
1069 2180 1088 2209 S
1212 2178 1342 2209 fluuius
1369 2178 1449 2218 GM,
1476 2177 1642 2209 fuluinus
1668 2178 1687 2208 S

178 2227 373 2267 propincus
398 2226 438 2266 A,
466 2225 696 2266 Propinquus
724 2225 871 2257 Gesner:
898 2224 1091 2265 propinqui
1121 2223 1165 2255 de
1192 2223 1316 2265 legato
1342 2234 1466 2255 censor
1490 2224 1571 2255 edic.
1599 2222 1776 2264 Spalding.

179 2269 353 2311 (Schuetz)
378 2272 412 2302 in
438 2271 605 2312 ephemer.
636 2270 838 2301 llalensihus
864 2270 1021 2310 (Allyem,
1050 2270 1118 2301 Lit.
1148 2269 1252 2308 Zeic.)
1279 2280 1309 2300 (ι.
1338 2270 1426 2300 1304
1450 2280 1485 2309 p.
1513 2271 1598 2303 1542·
1635 2270 1700 2299 loc-i
1723 2268 1777 2299 oh-

178 2317 362 2348 sem-issimi
386 2317 572 2348 emendatio
596 2326 743 2357 prorsus
768 2317 899 2346 incerta
925 2320 975 2346 est
1071 2317 1090 2347 3
1118 2324 1164 2346 an
1189 2315 1262 2344 AS:
1292 2317 1355 2346 aut
1381 2315 1450 2344 GM
1543 2314 1563 2344 4
1591 2313 1776 2356 chirogra-

180 2362 235 2393 fus
259 2363 301 2402 A,
328 2361 602 2403 chyrographus
627 2362 675 2401 M,
703 2360 942 2402 cirographus
969 2361 1024 2390 GS
1142 2361 1159 2392 7
1187 2370 1319 2401 quasse
1346 2360 1382 2398 G,
1410 2360 1473 2391 sed
1497 2369 1534 2390 se
1558 2364 1673 2399 punct.

179 2409 199 2440 8
225 2408 312 2449 qui*
338 2412 393 2439 est
416 2408 456 2448 A,
484 2407 563 2448 quis
591 2410 646 2438 est
671 2407 759 2446 GM3
786 2407 859 2447 ipse
885 2407 991 2437 malim
1017 2406 1076 2447 qui
1102 2408 1185 2437 sunt
1211 2416 1256 2439 m.
1284 2405 1379 2436 uarii
1479 2405 1499 2436 9
1526 2405 1710 2436 omississe
1736 2405 1777 2445 A,

180 2453 381 2485 ommisisse
407 2454 443 2490 G,
471 2453 601 2484 emisse
627 2453 663 2482 M
755 2451 904 2483 uiderer
927 2451 956 2481 A
1072 2452 1113 2483 10
1137 2450 1320 2482 infirmare
1346 2451 1386 2489 A,
1413 2448 1633 2481 infirmarem
1660 2450 1697 2490 G,
1724 2449 1779 2481 in-

180 2498 280 2530 firma
305 2498 369 2530 sed
395 2499 478 2537 MS;
513 2499 677 2540 quaedam
702 2498 820 2529 deesse
842 2497 919 2537 fere
946 2502 1112 2538 apparel,
1145 2497 1178 2527 in
1204 2497 1260 2528 illo
1286 2500 1394 2527 autem
1420 2494 1563 2526 infirma
1588 2497 1695 2526 latere
1722 2496 1779 2526 in-

179 2543 283 2575 finita
312 2544 496 2585 perspeaez't
529 2544 715 2577 Gesnerus:
749 2543 835 2581 fort.
870 2541 960 2574 adeo
992 2541 1138 2574 infinita
1169 2541 1288 2583 [sunt‚
1320 2544 1361 2572 ut
1391 2542 1530 2571 tantum
1564 2539 1775 2582 adtuleriln]

179 2588 287 2630 plane
314 2590 530 2621 necessaria
626 2590 659 2619 11
692 2589 723 2619 is
749 2588 786 2623 G,
813 2587 869 2619 his
896 2587 1010 2619 adicit
1034 2588 1063 2618 A
1089 2589 1120 2618 in
1147 2597 1217 2619 ras.
1337 2588 1375 2616 12
1402 2586 1633 2617 seuerissime
1659 2586 1688 2616 A

182 2635 222 2666 13
247 2633 438 2676 elegantur
462 2635 491 2665 A
585 2632 743 2666 iocunda
769 2633 822 2663 Gs
930 2634 970 2664 1ss
998 2633 1163 2664 ciuitatis
1190 2633 1243 2664 ait
1269 2635 1305 2663 et
1331 2631 1454 2672 Reffl'us
1548 2641 1628 2662 sero
1654 2631 1681 2661 G
1705 2642 1730 2663 s.
1758 2633 1777 2663 Ι.

180 2690 219 2710 m.
236 2681 256 2710 2
280 2681 343 2711 sed
366 2685 480 2711 uetere
577 2681 617 2712 17
645 2677 895 2720 appellatione
921 2679 968 2710 A:
996 2677 1285 2720 appellationem
1310 2679 1383 2708 rell.
1410 2677 1482 2708 noti
1575 2677 1615 2707 18
1641 2687 1778 2707 romam

181 2725 232 2755 M:
260 2735 360 2757 roma
378 2725 469 2756 AGS
563 2725 771 2765 accepisset
796 2726 946 2765 receptu
964 2723 1003 2754 A'
1033 2729 1067 2755 ιιι
1092 2725 1228 2755 uidetur
1321 2723 1359 2753 21
1390 2721 1503 2752 animi
1519 2722 1565 2752 A:
1592 2732 1653 2753 om.
1676 2723 1776 2753 codd.

181 2770 253 2804 rell.
347 2772 477 2803 idonea
501 2771 530 2801 A
641 2771 682 2801 ‘22
709 2768 967 2800 lacessandum
994 2770 1070 2810 AG,
1096 2770 1159 2800 sed
1182 2770 1293 2800 altera
1320 2778 1341 2798 a
1365 2767 1394 2797 A
1419 2768 1451 2798 in
1474 2778 1544 2799 ras.
1570 2766 1777 2799 lacesscen-

183 2813 263 2845 dum
287 2816 322 2846 Μ
439 2814 515 2858 aut]
542 2818 561 2848 5,
585 2816 626 2856 A,
654 2826 675 2846 a
701 2815 783 2854 GM,
810 2824 828 2845 e
855 2815 884 2851 S,
912 2824 954 2845 ac
979 2826 1072 2846 corr.
1100 2816 1125 2845 Τ
1151 2819 1183 2845 et
1209 2821 1229 2848 ς
1345 2814 1387 2845 23
1413 2813 1444 2844 31
1470 2823 1531 2844 om.
1558 2811 1597 2843 A¹
1719 2823 1778 2844 ex-

183 2860 349 2901 ceptione
375 2859 496 2892 A¹GM
645 2870 768 2893 omnes
794 2867 815 2894 ς
954 2861 997 2891 24
1029 2860 1060 2890 si
1088 2861 1233 2891 constat
1257 2858 1302 2889 A:
1342 2858 1437 2889 sieut
1469 2858 1541 2889 ista
1572 2858 1671 2889 codd.
1703 2859 1778 2891 rell.

183 2904 214 2935 si
244 2906 422 2938 consistat
453 2906 598 2939 Bonnell
741 2906 784 2937 25
816 2905 1046 2946 eloquentiae
1080 2908 1136 2937 est
1160 2905 1207 2945 A,
1247 2903 1477 2946 eloquentie}
1509 2904 1553 2945 G,
1592 2903 1779 2945 eloquenti

184 2958 263 2981 esse
287 2951 323 2981 M
