1939 3180
167 148 250 190 358
693 154 987 193 QUINTILIANI
1019 153 1138 184 INST.
1173 153 1247 184 011.

168 262 235 314 id,
274 261 450 315 propter
480 258 590 313 quod
622 257 806 298 maxime
837 258 1029 310 repertus
1062 257 1127 297 est
1157 270 1257 298 usus
1298 255 1527 309 orationis,
1568 256 1616 296 ut
1653 255 1767 296 dicat

169 328 334 370 utiliter
365 329 407 368 et
438 326 491 367 ad
523 325 795 367 efficiendum
835 325 945 380 quod
984 324 1171 366 intendit
1208 326 1428 379 potenter,
1468 316 1560 364 tum
1598 323 1767 364 laudem

171 410 349 452 quoque,
382 409 462 436 nec
494 394 716 435 doctorum
746 394 884 447 modo,
919 393 992 434 sed
1023 392 1153 434 etiam
1183 392 1304 447 uulgi
1336 392 1633 446 consequatur.

103 466 156 508 73
283 463 317 505 F
321 463 510 504 alluntur
532 462 647 503 enim
668 462 929 516 plurimum,
945 461 1017 515 qui
1046 461 1246 502 uitiosum
1268 462 1310 501 et
1333 461 1578 514 corruptum
1600 458 1769 499 dicendi

171 547 329 588 genus,
370 531 481 586 quod
519 532 593 571 aut
629 529 858 571 uerborum
896 529 1071 570 licentia
1106 520 1276 588 exultat
1307 529 1382 569 aut
1411 526 1643 582 puerilibus
1674 540 1768 568 sen·
1788 540 1804 565 5

170 600 362 642 tentiolis
400 598 572 640 lasciuit
619 600 693 639 aut
729 597 942 638 inmodico
987 592 1152 638 tumore
1197 595 1408 651 turgescit
1452 597 1526 636 aut
1570 594 1770 636 inanibus

171 669 275 711 locis
306 666 542 709 bacchatur
574 668 647 707 aut
679 665 854 719 casuris,
888 666 922 707 si
954 665 1106 706 leuiter
1138 664 1421 718 excutiantur,
1452 662 1638 704 flosculis
1659 663 1772 704 nitet

173 739 246 779 aut
276 735 530 791 praecipitia
561 749 638 789 pro
670 734 920 775 sublimibus
958 733 1089 774 habet
1127 735 1200 777 aut
1239 732 1379 788 specie
1416 731 1628 773 libertatis
1658 731 1771 772 insa—

105 804 259 859 74nit,
300 804 439 859 magis
479 803 727 844 existimant
757 802 962 857 populare
1002 804 1130 856 atque
1160 801 1399 856 plausibile.
1461 800 1571 855 quod
1604 798 1771 854 quidem

172 874 342 929 plaeere
373 871 518 913 multis
550 885 630 912 nec
660 870 823 912 infitior
853 885 932 911 nec
962 869 1112 910 miror:
1145 871 1210 910 est
1240 869 1355 910 enim
1386 868 1570 910 iucunda
1601 867 1772 909 auribus
1795 883 1824 908 ιο

175 957 225 984 ac
254 940 504 983 fauorabilis
536 939 854 994 qualiscumque
887 938 1130 994 eloquentia
1163 940 1205 979 et
1243 937 1361 979 ducit
1391 936 1555 978 animos
1586 935 1773 977 naturali

174 1010 396 1065 uoluptate
427 1023 508 1050 uox
540 1008 692 1062 omnis,
726 1022 863 1062 neque
896 1007 1067 1048 aliunde
1097 1005 1161 1047 1111
1191 1020 1267 1060 per
1296 1005 1390 1046 fora
1421 1007 1548 1059 atque
1571 1018 1772 1059 aggerem

178 1078 339 1132 circuli,
375 1091 456 1132 quo
486 1077 628 1118 minus
659 1076 815 1117 mirum
847 1077 932 1129 est,
973 1075 1085 1129 quod
1116 1074 1224 1116 nulli
1255 1088 1343 1115 non
1375 1072 1595 1129 agentium
1625 1074 1775 1127 parata

107 1145 162 1187 75
177 1147 297 1202 uulgi
330 1160 486 1188 corona
519 1147 596 1186 est.
664 1144 737 1186 ubi
768 1158 869 1185 uero
900 1143 1000 1198 quid
1033 1142 1284 1198 exquisitius
1315 1142 1476 1184 dictum
1516 1140 1674 1182 accidit
1704 1155 1774 1181 au-

175 1215 293 1257 ribus
324 1214 634 1269 imperitorum,
668 1212 974 1268 qualecumque
1004 1212 1047 1253 id
1079 1213 1155 1266 est,
1190 1211 1301 1266 quod
1331 1210 1467 1252 modo·
1486 1224 1529 1251 se
1551 1209 1633 1263 ipsi
1653 1222 1775 1263 posse
1796 1224 1828 1250 15

178 1284 419 1338 desperent,
454 1282 584 1323 habet
616 1281 965 1335 admirationem,
1007 1295 1145 1335 neque
1176 1279 1410 1321 immerito:
1450 1293 1551 1319 nam
1589 1291 1642 1318 ne
1671 1276 1777 1317 illud

178 1352 348 1407 quidem
377 1351 505 1393 facile
537 1354 614 1392 est.
677 1350 750 1391 sed
781 1350 1044 1391 euanescunt
1073 1348 1179 1389 haec
1211 1350 1337 1402 atque
1369 1346 1634 1388 emoriuntur
1665 1359 1776 1386 com-
1805 1351 1810 1354 “

178 1420 403 1475 paratione
434 1418 678 1472 meliorum,
719 1420 767 1460 ut
805 1418 905 1459 lana
936 1418 1074 1459 tincta
1104 1417 1202 1458 fuco
1235 1416 1342 1457 citra
1372 1429 1582 1470 purpuras
1612 1413 1776 1468 placet:

179 1491 232 1530 at
262 1488 304 1530 si
337 1487 634 1530 contuleris
666 1487 857 1541 Tyriae
891 1501 998 1528 eam
1036 1486 1312 1538 lacernae,
1352 1484 1641 1538 conspectu
1678 1496 1777 1522 me-

111 1555 333 1598 76110118
366 1556 642 1610 obruatur,
675 1558 724 1596 ut
746 1555 925 1598 Ouidius
947 1556 1020 1596 ait.
1072 1555 1106 1595 si
1135 1568 1236 1595 uero
1257 1551 1460 1593 iudicium
1481 1550 1546 1592 his
1569 1550 1778 1604 corruptis
1798 1566 1831 1591 20

182 1626 322 1667 acrius
354 1625 557 1666 adhibeas
588 1626 635 1665 ut
665 1624 823 1665 fucinis
855 1623 1050 1678 sulpura,
1092 1623 1177 1664 iam
1215 1621 1358 1675 illum,
1399 1634 1480 1675 quo
1517 1618 1777 1672 fefellerant,

182 1695 342 1736 exuant
379 1694 608 1735 mentitum
655 1693 837 1734 colorem
885 1694 927 1733 et
965 1692 1148 1747 quadam
1187 1690 1259 1732 uix
1305 1688 1537 1730 enarrabili
1574 1687 1779 1729 foeditate

182 1762 435 1818 pallescant.
496 1761 642 1803 lucent
672 1761 805 1816 igitur
835 1760 940 1802 haec
973 1760 1080 1801 citra
1111 1759 1265 1812 solem,
1307 1759 1355 1799 ut
1385 1756 1593 1811 quaedam
1625 1755 1780 1810 exigua

183 1830 386 1872 animalia
416 1830 596 1885 igniculi
628 1830 829 1870 uidentur
861 1829 904 1869 in
936 1828 1139 1870 tenebris.
1184 1826 1365 1881 denique
1397 1824 1510 1866 mala
1541 1823 1664 1864 multi
1685 1837 1780 1878 pro—

183 1900 303 1954 bant,
337 1914 462 1940 nemo
494 1898 709 1953 improbat
739 1898 865 1938 bona.
1799 1906 1831 1930 25

276 2075 327 2107 19.
355 2072 462 2104 Ouid.
490 2073 590 2104 Rem.
620 2082 730 2104 amor.
760 2072 823 2103 707
851 2081 902 2112 sq.

278 2236 291 2265 1
321 2234 500 2265 orationis
527 2243 588 2263 om.
615 2233 635 2262 S
729 2233 748 2262 2
774 2230 918 2261 intendi
944 2230 982 2270 G,
1011 2229 1128 2259 tendit
1152 2229 1171 2258 S
1266 2231 1285 2259 3
1313 2229 1558 2268 consequetur
1585 2227 1638 2256 ed.
1667 2226 1782 2266 Camp.

182 2282 204 2312 4
230 2279 392 2320 corrupti
416 2280 451 2309 M
544 2280 564 2309 5
590 2276 745 2309 resultet
769 2277 834 2306 MS
928 2276 947 2305 ⁴3
975 2275 1149 2316 tui-gessit
1175 2274 1201 2303 G
1301 2275 1319 2304 7
1345 2272 1529 2303 bac-hatur
1553 2272 1606 2311 M,
1632 2271 1782 2302 bracca-

185 2330 243 2357 tur
269 2326 306 2366 G,
332 2324 534 2357 braeliatur
561 2324 580 2353 S
682 2322 844 2353 cassuris
870 2322 896 2351 G
1014 2320 1223 2351 excitantur
1249 2320 1268 2349 S
1310 2355 1312 2357 Ι
1384 2319 1404 2349 8
1430 2319 1633 2358 praecipua
1658 2318 1693 2346 Μ

186 2374 205 2403 9
234 2371 422 2403 existimat
448 2371 485 2409 G,
515 2369 702 2400 existimet
726 2368 788 2397 MS
885 2368 925 2398 10
952 2365 1092 2397 inficior
1118 2367 1164 2404 M,
1192 2363 1368 2395 infinit-ior
1394 2364 1450 2394 Gs
1552 2362 1785 2394 iocundiores

187 2418 224 2456 G,
253 2417 401 2447 ineundi
428 2416 500 2447 oris
525 2415 607 2454 MS,
636 2414 796 2445 iucunda
823 2413 903 2443 auri
935 2413 1068 2453 esst-essz'e
1098 2411 1245 2447 Gesner,
1281 2420 1341 2441 nos
1367 2414 1477 2440 tamen
1503 2409 1655 2440 auribus
1681 2418 1786 2448 prae-

185 2463 363 2503 ferendum
388 2462 542 2493 (luximus
660 2461 699 2490 11
728 2457 930 2490 faborabili
955 2457 981 2488 G
1075 2456 1332 2497 qualicumque
1359 2456 1392 2486 M
1488 2454 1697 2496 eloquentie
1721 2454 1786 2483 MS

279 2509 320 2539 13
347 2508 475 2538 mirum
502 2507 620 2537 minus
645 2506 681 2535 M
820 2514 892 2535 11011
919 2505 1091 2544 agentum
1118 2503 1164 2541 M,
1192 2512 1288 2533 noua
1315 2501 1477 2542 gentium
1503 2502 1523 2531 S
1664 2500 1705 2530 14
1731 2501 1786 2529 est

189 2554 327 2585 dietum
354 2554 397 2593 G,
425 2554 487 2584 sed
513 2556 568 2583 est
592 2554 706 2593 punct.
735 2550 836 2581 (lietu
861 2550 881 2579 S
1023 2550 1063 2580 15
1089 2547 1349 2589 impeditorum
1375 2547 1430 2577 GS
1563 2545 1597 2576 id
1625 2548 1682 2576 cst
1707 2554 1786 2575 nos:

188 2600 250 2632 id*
275 2600 313 2639 G,
341 2599 375 2630 id
401 2599 494 2632 MS&
612 2598 652 2628 16
679 2597 878 2637 desperant
902 2595 948 2635 M,
978 2594 1153 2635 desperat
1177 2594 1197 2623 S
1290 2592 1419 2624 merito
1446 2592 1500 2621 Gs
1618 2592 1657 2622 17
1691 2600 1786 2621 emo-

190 2647 332 2677 riuntur
358 2646 409 2678 ed,
439 2644 566 2683 (ir-Jfflh.
595 2642 642 2683 (a.
664 2640 788 2681 1544).·
815 2641 1019 2671 moriuntur
1044 2641 1127 2680 GM,
1156 2641 1342 2670 morantur
1367 2638 1386 2667 S
1482 2637 1522 2668 18
1548 2635 1749 2667 mediorum
1767 2635 1786 2664 S

282 2693 322 2721 1¹.)
349 2701 392 2721 ac
418 2690 449 2721 si
474 2690 571 2719 GMS
713 2686 912 2718 contuleris
940 2684 1025 2726 (non
1053 2685 1181 2715 tuleris
1206 2685 1233 2714 G
1260 2685 1277 2714 1
1296 2682 1354 2724 m.)
1380 2683 1491 2715 etiam
1518 2682 1690 2713 lacernae
1718 2678 1785 2720 (111-

191 2747 300 2767 cerne
326 2737 375 2774 M)
404 2736 518 2773 GMS;
546 2734 681 2774 Tyriae
708 2733 843 2764 addidit
866 2732 1106 2763 Aldrommdus
1133 2731 1190 2771 (sle
1213 2730 1385 2760 Tascaeez's
1406 2730 1439 2768 3,
1459 2728 1495 2767 5)
1523 2727 1632 2758 etiam
1651 2726 1785 2766 Tyriae

189 2782 352 2822 sev-istem,
381 2792 440 2811 nos
467 2780 602 2821 Tyriae
631 2789 708 2809 eam
734 2779 952 2819 praelnlz'mus
1090 2778 1131 2807 ‘21
1161 2774 1295 2806 fucinis
1321 2774 1523 2805 Buttmann:
1552 2772 1695 2803 fucinus
1721 2771 1786 2807 Gs,

192 2828 363 2858 succinus
390 2827 434 2863 M,
465 2827 548 2857 fuco
576 2825 700 2856 tinctis
729 2823 884 2864 Obrecht,
913 2822 1050 2853 fucatis
1078 2822 1288 2853 Slotlzouuver
1381 2819 1556 2860 sulphura
1581 2818 1688 2851 GMS,
1715 2816 1787 2847 sul-

193 2874 275 2903 fura
302 2882 335 2911 ς,
362 2873 406 2912 ef.
430 2874 460 2912 1,
479 2873 513 2912 (j,
535 2874 578 2901 22
684 2869 773 2900 illud
800 2879 868 2910 quo
896 2867 1005 2909 (quod
1031 2868 1075 2903 M,
1103 2878 1172 2908 quo
1200 2876 1238 2897 se
1264 2863 1297 2905 S)
1326 2864 1514 2896 fefellerat
1542 2866 1652 2894 exuat
1677 2862 1787 2904 GMs‚

192 2929 251 2949 em.
283 2918 461 2949 Bullmann
579 2918 620 2947 22
648 2915 822 2946 mentium
847 2915 866 2944 S
984 2913 1188 2945 foeditante
1215 2913 1252 2948 G,
1279 2910 1436 2942 feditate
1462 2910 1525 2939 MS
1656 2909 1698 2939 23
1725 2918 1787 2948 pa-

192 2963 312 2993 leseat
336 2964 369 2991 M
465 2962 589 2993 lucent
615 2962 642 2991 G
667 2972 760 2993 corr.
787 2970 833 2991 ea:
858 2959 1020 2999 luceant,
1049 2958 1171 2990 luceat
1195 2958 1243 2997 M,
1271 2956 1371 2987 lueat
1396 2957 1416 2986 S
1509 2954 1602 2985 haec
1627 2964 1687 2985 om.
1708 2954 1743 2983 M

195 3009 294 3039 eirca
320 3009 339 3037 S
