1939 3180
216 88 296 129 124
738 98 1032 135 QUIN'FILIANI
1064 100 1185 130 msr.
1220 101 1295 130 on.

212 201 408 255 munitio,
442 201 695 255 similitudo,
729 201 992 256 exemplum,
1026 202 1232 257 digestio,
1266 203 1532 258 distributio,
1574 203 1819 258 interpella—

172 271 197 310 3
212 270 286 324 tio,
321 268 641 324 interpellantis
665 270 878 324 coercitio,
904 271 1136 326 contentio,
1159 260 1373 327 purgatio,
1406 272 1566 314 laesio?
1597 272 1696 327 quid
1721 287 1820 314 uero

213 338 305 393 agit
335 338 511 379 omnino
543 338 787 392 eloquentia
819 338 1022 380 detractis
1054 340 1345 395 amplificandi
1368 341 1671 396 minuendique
1693 341 1819 382 ratio—

211 406 370 448 nibus?
409 421 589 461 quarum
628 406 745 461 prior
785 398 1000 450 desiderat
1038 408 1157 450 illam
1196 409 1291 464 plus
1318 424 1461 464 ⁵quam
1501 409 1657 450 dixeris
1688 410 1819 464 signi—

212 475 476 530 ficationem,
518 474 561 516 id
593 477 657 517 est
688 476 896 532 ἔμφαειν,
938 478 980 518 et
1018 477 1355 532 supralationem
1393 477 1588 520 ueritatis
1621 479 1663 519 et
1693 478 1819 519 traie-
1839 488 1855 511 5

212 544 422 599 ctionem,
477 544 583 586 llaec
638 544 773 585 altera
827 546 1178 587 extenuationem
1229 546 1673 601 deprecationemque.
1749 547 1819 601 qui

211 614 405 655 adfectus
437 615 563 655 erunt
595 613 662 654 uel
696 614 901 656 concitati
938 614 1132 656 detracta
1164 629 1268 657 uoce
1299 614 1436 656 libera
1466 624 1503 656 el
1532 615 1818 670 effrenatiore,

210 681 448 736 iracundia,
473 681 788 737 obiurgatione,
813 682 1050 738 optatione,
1076 683 1407 725 exsecratione?
1437 684 1505 725 uel
1528 683 1589 725 illi
1612 683 1817 738 mitiores,

211 751 293 791 nisi
337 750 599 792 adiuuantur
646 752 1036 799 commendatione,
1086 752 1408 804 conciliatione,
1458 753 1509 794 ad
1556 751 1818 794 hilaritatem

170 818 486 874 4i11pulsione‘?
545 834 654 874 quae
693 820 923 861 delectatio
963 822 1038 861 aut
1075 821 1186 876 quod
1223 821 1494 863 mediocriter
1523 821 1675 862 saltem
1707 821 1819 863 docti
1840 832 1872 855 10

211 887 398 929 hominis
429 888 650 944 indicium,
683 889 766 930 nisi
800 889 885 930 alia
916 889 1194 945 repetitione,
1235 889 1320 932 alia
1359 891 1691 932 commoratione
1722 890 1817 931 infi-

209 970 326 1011 gere,
360 956 526 1012 digredi
558 973 582 998 a
614 972 658 999 re
690 959 733 999 et
762 958 900 999 redire
941 959 993 999 ad
1031 959 1299 1014 propositum
1330 974 1451 1000 suum
1484 959 1648 1013 scierit,
1686 973 1819 1000 remo-

211 1040 309 1066 uere
350 1042 374 1067 a
413 1040 481 1079 se,
524 1026 567 1067 in
608 1026 740 1067 alium
778 1027 982 1081 traicere,
1025 1042 1133 1082 quae
1164 1027 1458 1083 relinquenda,
1493 1042 1600 1083 quae
1632 1029 1819 1070 contem-

209 1095 351 1136 nenda
388 1094 497 1149 sint,
538 1095 759 1137 iudicare?
797 1097 938 1137 motus
977 1098 1042 1138 est
1081 1096 1126 1138 in
1164 1096 1231 1138 his
1270 1096 1477 1138 orationis
1517 1098 1644 1151 atque
1684 1098 1817 1150 actus,

210 1163 362 1218 quibus
403 1163 608 1205 detractis
650 1163 763 1205 iacet
805 1166 848 1205 et
885 1164 1002 1206 uelut
1048 1165 1243 1220 agitante
1284 1180 1437 1220 corpus
1485 1161 1639 1220 spiritu
1686 1167 1815 1207 caret.
1840 1176 1870 1200 1⁵

168 1233 317 1287 5quae
350 1247 445 1274 cum
477 1232 623 1273 adesse
656 1232 834 1287 debent,
868 1236 960 1274 tum
991 1233 1258 1288 disponenda
1299 1236 1425 1289 atque
1463 1234 1671 1275 uarianda
1703 1237 1817 1288 sunt,

212 1302 257 1342 ut
289 1301 541 1355 auditorem,
575 1301 687 1356 quod
718 1301 763 1342 in
785 1301 940 1343 fidibus
963 1302 1054 1343 fieri
1080 1303 1286 1357 uidemus,
1320 1302 1437 1344 omni
1460 1317 1564 1344 sono
1586 1303 1816 1344 mulceant.

209 1385 357 1411 uerum
389 1385 439 1411 ea
469 1370 719 1425 plerumque
741 1372 859 1412 recta
891 1373 992 1412 sunt
1022 1386 1102 1413 nce
1134 1387 1177 1413 se
1210 1372 1396 1427 fingunt,
1431 1371 1503 1412 sed
1543 1372 1816 1414 confitentur.

210 1438 450 1480 admittunt
481 1442 638 1493 autem,
670 1440 719 1480 ut
749 1439 860 1494 dixi,
893 1440 1074 1496 figuras,
1107 1441 1217 1495 quod
1250 1440 1318 1482 uel
1358 1455 1408 1482 ex
1446 1440 1639 1495 proxima
1677 1441 1816 1482 doceri

209 1509 366 1562 potest.
1835 1520 1869 1545 20

168 1579 193 1617 (ὃ
323 1575 432 1625 Quid
479 1576 594 1618 enim
641 1579 730 1618 tam
779 1592 1001 1619 commune
1041 1593 1170 1634 quam
1211 1578 1556 1634 interrogare
1594 1578 1662 1620 uel
1702 1593 1815 1633 per-

210 1645 453 1687 contari?
484 1661 586 1687 nam
608 1648 788 1702 utroque
811 1647 972 1688 utimur
1001 1646 1312 1702 indifferenter,
1346 1662 1603 1702 quamquam
1635 1647 1816 1688 alterum

208 1714 427 1770 noscendi,
463 1714 645 1757 alterum
678 1716 886 1770 arguendi
919 1716 1061 1770 gratia
1098 1716 1268 1757 uidetur
1307 1715 1515 1757 adhiberi.
1579 1717 1623 1757 at
1654 1731 1703 1757 ea
1733 1730 1814 1769 res,

208 1785 486 1838 utrocumque
518 1784 675 1826 dicitur
706 1785 830 1826 modo
841 1819 851 1838 ,
887 1785 1015 1826 etiam
1046 1784 1270 1839 multiplex
1303 1784 1433 1826 habet
1464 1784 1649 1826 schema.
1711 1785 1815 1825 inci-

208 1852 375 1907 piamus
408 1852 522 1893 enim
554 1853 607 1894 ab
638 1853 712 1907 iis,
746 1854 899 1909 quibus
931 1853 1069 1895 acrior
1102 1868 1151 1894 ae
1190 1853 1484 1895 uehementior
1514 1854 1563 1894 fit
1601 1853 1811 1908 probatiO,
1835 1865 1866 1887 22³

168 1921 317 1976 'lquod
348 1920 488 1975 primo
520 1921 613 1963 loeo
644 1921 876 1976 posuimus.
939 1921 1119 1976 simplex
1152 1924 1216 1963 est
1247 1922 1307 1963 sie
1338 1936 1511 1977 rogare:

273 1990 360 2030 sed
392 2004 480 2031 uos
512 1990 599 2045 qui
631 1990 869 2032 tandem?
900 1991 1093 2046 quibus
1126 1992 1213 2032 aut
1244 1990 1479 2032 uenistis
1511 1991 1573 2032 ab
1605 1991 1742 2032 oris‘?

299 2120 355 2150 27.
384 2118 473 2151 Aen.
502 2120 531 2159 1,
558 2120 635 2152 369.

298 2235 319 2265 4
344 2234 425 2276 plns
451 2235 495 2265 B:
524 2234 623 2275 prins
647 2234 747 2264 AMb
853 2236 873 2265 5
899 2233 955 2265 ide
980 2234 1032 2274 Bg
1127 2233 1415 2275 supralationem
1442 2234 1568 2265 ABM:
1596 2233 1813 2275 superlatio·
1936 2152 1939 2312 1

208 2290 288 2311 nem
315 2288 347 2319 ς,
374 2282 418 2320 ef.
437 2284 467 2319 9,
490 2282 519 2319 1,
537 2282 580 2311 29
674 2280 933 2311 traiectionem
958 2280 1033 2311 Ab:
1061 2280 1301 2312 reiectionem
1327 2281 1371 2317 B,
1399 2281 1669 2311 tractacionem
1694 2281 1739 2318 M,
1767 2280 1812 2320 ef.

207 2329 237 2361 1),
258 2328 287 2365 Ι,
308 2328 351 2357 21)
428 2327 447 2357 6
474 2325 773 2367 deprecationem
791 2326 897 2356 ABM
969 2324 1043 2367 qui]
1067 2326 1151 2365 fort.
1180 2325 1289 2367 quid?
1367 2327 1385 2357 7
1413 2330 1449 2357 et
1476 2326 1601 2357 effren.
1631 2326 1814 2357 Francius:

207 2371 446 2404 effrenatiore
472 2372 538 2410 Ba,
566 2371 769 2404 frenatiore
795 2372 863 2408 Ab,
892 2372 1140 2403 effrenacione
1166 2373 1214 2413 M,
1240 2382 1331 2403 uoce
1357 2372 1488 2410 libera,
1516 2370 1641 2404 effren.
1669 2372 1814 2403 iracun-

206 2416 268 2448 dia
294 2425 330 2457 33
356 2418 401 2457 ef.
419 2420 450 2457 9,
471 2420 501 2455 1,
520 2419 567 2450 32
661 2420 680 2449 ⁴.)
709 2417 931 2449 adiuuentur
957 2419 1010 2449 ed.
1042 2418 1155 2458 Camp.
1258 2417 1612 2449 commendationem
1640 2416 1812 2448 eoncilia-

207 2463 343 2494 tionem
370 2462 411 2494 A¹
516 2464 556 2495 10
582 2463 678 2504 quod
703 2463 763 2493 AB
792 2463 869 2503 (sed
893 2463 937 2495 od
963 2464 992 2494 A
1017 2464 1050 2494 z'n
1075 2462 1183 2505 ras.):
1211 2474 1279 2505 qno
1305 2465 1352 2504 M,
1381 2473 1451 2505 qua
1477 2464 1499 2494 b
1619 2464 1656 2493 11
1685 2464 1813 2504 repeli-

206 2509 305 2540 tione
332 2510 361 2539 A
480 2511 518 2540 12
544 2508 696 2550 degredi
722 2509 747 2539 B
866 2519 887 2539 a
913 2519 950 2540 re
976 2510 1005 2539 A
1030 2510 1063 2540 in
1088 2520 1158 2541 ras.
1280 2511 1320 2541 13
1345 2509 1504 2540 traicere
1532 2511 1568 2540 et
1594 2519 1638 2540 ea
1664 2518 1759 2549 qnae
1785 2509 1813 2538 A

208 2558 226 2585 2
241 2566 281 2585 m.
311 2555 342 2586 in
367 2566 439 2589 ras.
533 2554 829 2596 contempnenda
853 2555 922 2585 ΒΜ
1026 2557 1066 2586 15
1091 2555 1183 2586 iacit
1206 2554 1321 2586 A¹Mb
1418 2558 1454 2586 et
1477 2555 1512 2586 in
1535 2555 1564 2585 A
1589 2564 1722 2585 erasum

205 2600 355 2640 spiritus
380 2599 423 2631 A¹
519 2604 622 2632 earet
648 2611 708 2634 om.
735 2600 836 2631 AMb
955 2601 996 2632 16
1023 2600 1153 2632 adesse
1179 2600 1319 2633 habent
1344 2610 1423 2631 cum
1448 2601 1468 2631 b
1563 2597 1661 2639 sunt]
1690 2609 1765 2630 rem
1791 2600 1811 2629 b
1931 2572 1935 2652 Ι

208 2646 249 2683 (Α
275 2649 359 2678 sunt
383 2648 417 2677 in
434 2657 504 2680 ras.
532 2645 647 2684 habet)
746 2647 785 2678 17
812 2656 901 2678 sano
926 2647 947 2677 b
1043 2647 1083 2678 18
1109 2651 1211 2678 recta
1237 2649 1323 2678 sunt
1346 2646 1374 2676 A
1399 2647 1432 2677 in
1457 2656 1527 2676 νας.
1623 2643 1686 2675 sed
1704 2645 1747 2675 B:
1776 2648 1812 2675 et

206 2692 305 2722 AMb
399 2693 440 2723 21
468 2690 578 2734 Quid]
609 2694 700 2723 loeus
726 2693 767 2723 (Ie
793 2693 1063 2732 inter'roqacione
1081 2697 1113 2724 et
1138 2693 1397 2733 per-eorztalione
1423 2695 1610 2731 excerptus
1636 2695 1752 2721 eoeslat
1777 2691 1810 2721 in
1930 2683 1934 2733 ΙΙ

208 2737 338 2771 Aneed.
366 2738 481 2769 Paris.
509 2735 566 2780 (=
583 2737 624 2778 P)
651 2749 686 2779 p.
715 2739 758 2769 20
783 2739 837 2771 ecl.
854 2737 1034 2769 Eclcsteini
1125 2739 1167 2769 22
1194 2748 1276 2769 narn
1294 2738 1413 2768 AMb:
1441 2746 1547 2777 quam
1566 2736 1592 2766 B
1686 2746 1810 2776 quaxn-

208 2792 315 2822 quam
330 2783 515 2825 Spalding:
544 2793 651 2824 quam
668 2794 748 2814 eum
765 2784 835 2824 Ab,
855 2794 934 2815 eum
952 2784 991 2824 B,
1012 2793 1161 2825 quorum
1182 2794 1261 2814 cum
1280 2784 1328 2823 M,
1355 2781 1668 2813 eum—uideatur
1686 2782 1810 2822 Regius
1929 2750 1933 2847 1

297 2830 340 2860 23
366 2828 508 2860 uidetur
533 2829 703 2861 adhiberi
727 2829 757 2859 A
851 2832 888 2860 at
913 2840 976 2861 eas
1002 2840 1059 2861 res
1084 2830 1125 2870 A,
1153 2828 1201 2860 ad
1227 2838 1288 2860 eas
1315 2837 1372 2859 res
1397 2828 1460 2858 Mb
1554 2828 1597 2858 24
1623 2826 1756 2859 dicitur
1781 2828 1809 2858 A

207 2874 239 2903 ίιι
265 2884 333 2904 ras.
430 2876 473 2905 25
499 2875 545 2906 ab
572 2875 629 2906 his
654 2875 761 2905 ABM
861 2875 993 2917 quibus
1020 2876 1141 2906 acrior
1166 2884 1210 2906 ae
1236 2872 1503 2911 uehementior!
1533 2873 1653 2904 acrior
1679 2884 1723 2905 ac
1750 2883 1809 2905 ue-
1928 2857 1932 2905 l

208 2918 412 2950 hementior
436 2920 485 2950 Bn
511 2920 621 2959 (initio
648 2931 754 2952 nouae
779 2920 986 2961 colummae),
1019 2923 1051 2951 z'n
1077 2921 1129 2960 Bg
1160 2921 1260 2951 eciam
1285 2918 1417 2959 quibus
1442 2921 1622 2960 repetitura
1647 2923 1697 2951 est

207 2966 249 2996 26
276 2963 316 2995 fit
342 2966 484 3006 rogatio
511 2966 772 3007 Capperonm'er
865 2968 907 2998 27
935 2966 1065 3008 quibus
1091 2965 1296 2998 aduenistis
1320 2965 1384 2995 Mb
