1955 3228
808 123 875 152 111.
922 120 964 165 4,
990 118 1137 151 1—15.
1692 103 1770 144 127

290 226 580 266 Anaximenes
610 224 852 265 iudicialem
884 226 926 264 et
957 222 1242 263 contionalem
1274 219 1496 275 generalis
1517 218 1651 273 partis
1683 216 1813 257 esse9

178 293 334 347 uoluit,
375 295 538 347 septem
577 294 718 333 autem
757 291 938 345 species:
978 289 1203 343 hortandi,
1244 287 1517 340 dehortandi,
1556 284 1772 337 laudandi,

178 360 464 415 uituperandi,
497 360 740 413 accusandi,
774 357 1044 410 defendendi,
1078 356 1338 411 exquirendi,
1372 354 1482 409 quod
1514 353 1773 397 ἐξεταετικόν

179 429 302 470 dicit:
342 443 521 482 quarum
551 428 658 468 duae
689 427 851 480 primae
882 425 1171 478 deliberatiui,
1213 425 1318 464 duae
1350 418 1574 476 sequentes
1605 420 1774 460 demon-

145 512 159 537 5
179 496 363 550 stratiui,
395 498 482 537 tres
514 495 688 537 ultimae
719 493 930 534 iudicialis
962 493 1132 547 generis
1164 494 1264 532 sunt
1295 492 1450 544 partes
1509 489 1775 542 Protagoran
1792 486 1844 527 10

133 853 164 877 10

135 1191 167 1215 15

138 1532 170 1555 20

142 1869 173 1893 25

145 2209 178 2233 30

178 566 363 617 transeo,
396 563 468 618 qui
488 562 798 617 interrogandi,
820 560 1118 615 respondendi,
1142 558 1387 611 mandandi,
1418 556 1634 611 precandi,
1667 554 1777 608 quod

180 633 375 684 εὐχωλήν
408 631 527 683 dixit,
561 632 704 684 partes
736 629 846 670 solas
877 630 1013 682 putat.
1066 627 1190 668 Plato
1220 626 1266 666 in
1288 624 1486 679 Sophiste
1516 623 1705 664 iudiciali
1736 625 1778 663 ct

182 699 417 741 contionali
438 698 609 740 tertiam
633 697 788 738 adiecit
808 696 1178 748 προεομιλητικήν,
1211 708 1337 748 quam
1358 706 1461 733 sane
1482 691 1777 745 permittamus

179 767 303 808 nobis
335 767 472 807 dicere
504 764 914 820 sermocinatricem:
955 778 1061 817 quae
1093 778 1117 803 a
1154 762 1313 803 forensi
1345 761 1510 800 ratione
1542 757 1780 811 diiungitur

183 838 225 876 et
264 837 328 875 est
366 833 685 875 accommodata
722 823 904 886 priuatis
949 829 1328 885 disputationibus,
1378 827 1494 868 cuius
1530 825 1595 867 uis
1635 825 1780 866 eadem

181 902 373 958 profecto
405 903 489 955 est,
529 915 636 956 quae
668 899 929 940 dialecticae.
989 898 1198 939 Isocrates
1230 897 1273 937 in
1307 896 1609 949 omni'genere
1642 893 1779 933 inesse
1796 896 1839 935 11

182 971 350 1011 laudem
381 984 429 1011 ac
460 968 819 1023 uituperationem
851 966 1127 1008 existimauit.

296 1037 432 1079 Nobis
464 1039 506 1077 et
535 1035 797 1077 tutissimum
829 1037 894 1075 est
926 1037 1116 1075 auctores
1148 1032 1352 1087 plurimos
1383 1031 1499 1084 sequi
1523 1031 1645 1070 etita
1669 1029 1777 1069 uide-
1796 1030 1847 1070 12

184 1109 253 1147 tur
283 1105 393 1147 ratio
424 1105 598 1145 dictare.
652 1106 716 1144 est
746 1104 893 1158 igitur,
929 1105 974 1142 ut
1005 1102 1104 1153 dixi,
1136 1115 1264 1141 unum
1299 1114 1455 1153 genus,
1497 1112 1578 1151 quo
1608 1097 1700 1137 laus
1732 1111 1779 1136 ac

184 1173 443 1228 uituperatio
476 1172 740 1224 continetur,
775 1170 845 1211 sed
879 1172 942 1211 est
973 1169 1235 1223 appellatum
1267 1182 1290 1207 a
1322 1168 1442 1220 parte
1472 1165 1643 1205 meliore
1674 1165 1781 1204 lau-

186 1242 440 1283 datiuum:
471 1240 583 1280 idem
616 1239 687 1279 alii
720 1238 1196 1279 demonstratiuum
1231 1237 1397 1275 uocant.
1456 1235 1679 1286 utrumque
1710 1245 1780 1272 no-

186 1324 284 1350 men
316 1324 364 1350 ex
397 1322 551 1363 graeco
584 1307 769 1348 creditur
808 1306 1011 1362 fluxis-seq
1040 1319 1141 1345 nam
1174 1303 1497 1355 ἐγκωμιαετικόν
1529 1303 1602 1340 aut
1633 1301 1783 1341 ἐπιδει-

187 1379 325 1420 κτικόν
365 1377 527 1417 dicunt.
588 1375 661 1416 sed
699 1373 802 1414 mihi
843 1374 1117 1415 ἐπιδεικτικὸν
1156 1386 1242 1412 11011
1281 1374 1368 1410 tani
1408 1367 1850 1409 demonstrationisffi

186 1445 275 1486 uim
305 1444 461 1485 habere
493 1458 620 1498 quam
651 1442 952 1483 ostentationis
984 1441 1152 1481 uidetur
1184 1442 1226 1480 et
1255 1438 1436 1478 multum
1468 1437 1520 1476 ab
1552 1436 1623 1476 illo
1654 1437 1783 1485 ἐγκω-

188 1518 382 1567 μιαετικῷ
414 1512 602 1552 differre:
641 1526 741 1551 nani
772 1508 827 1550 vut
859 1509 1053 1550 continet
1082 1508 1347 1549 laudatiuum
1378 1506 1420 1545 in
1453 1518 1496 1545 se
1528 1518 1682 1558 genus,
1723 1503 1784 1543 ita

188 1596 275 1622 non
305 1581 419 1621 intra
450 1580 530 1620 hoc
561 1579 696 1619 solum
729 1578 935 1619 consistit.
997 1592 1051 1617 an
1090 1576 1312 1630 quisquam
1342 1572 1567 1628 negauerit
1597 1585 1783 1625 panegy—
1800 1573 1852 1612 14

189 1649 298 1689 ricos
330 1649 631 1690 ἐπιδεικτικούς
663 1646 784 1687 esse?
842 1646 958 1699 atqui
990 1645 1170 1685 formam
1202 1641 1407 1683 suadendi
1438 1640 1597 1680 habent
1627 1641 1669 1680 et
1700 1638 1785 1692 ple-

190 1731 364 1770 rumque
396 1716 446 1756 de
477 1715 736 1756 utilitatibus
769 1713 974 1754 Graeciae
1004 1712 1254 1766 loquuntur:
1287 1713 1332 1750 ut
1366 1723 1586 1750 causarum
1618 1707 1785 1761 quidem

191 1798 350 1839 genera
381 1785 464 1824 tria
495 1784 602 1836 sint,
644 1783 717 1823 sed
757 1796 804 1822 ea
844 1784 933 1822 tum
973 1781 1017 1821 in
1050 1779 1257 1834 negotiis,
1296 1780 1387 1817 tum
1424 1776 1470 1817 in
1500 1774 1786 1816 ostentatione

191 1852 344 1906 posita.
394 1851 478 1892 nisi
508 1852 618 1892 forte
649 1865 736 1891 non
769 1865 817 1890 ex
850 1863 1005 1904 graeco
1036 1849 1281 1888 mutuantes
1314 1843 1693 1885 delnonstratiuuni
1716 1856 1787 1881 uo-

195 1922 315 1973 cant,
357 1934 505 1960 uerum
544 1919 585 1958 id
624 1920 879 1972 sequuntur,
921 1916 1030 1970 quod
1070 1916 1162 1956 laus
1202 1930 1250 1954 ac
1288 1912 1547 1966 uituperatio
1579 1910 1700 1964 quale
1732 1910 1788 1949 sit

193 1987 375 2042 quidque
397 1987 674 2027 demonstrat.
718 1986 898 2026 alterum
921 1983 1346 2034 est=(lelibe1·ati1uim,
1380 1981 1553 2020 tertium
1576 1977 1785 2018 iudiciale.
1805 1979 1855 2018 15

136 2102 139 2105 ,
195 2057 358 2096 ceterae
391 2055 551 2110 species
581 2055 625 2095 in
658 2054 763 2095 haec
794 2054 877 2094 tria
908 2052 1100 2093 incident
1131 2064 1309 2105 genera:
1349 2062 1427 2089 nec
1466 2046 1707 2088 inuenietur
1739 2060 1787 2084 ex
1829 2075 1847 2085 c

194 2123 244 2164 iis
276 2123 375 2176 ulla,
408 2123 454 2163 in
485 2138 566 2177 qua
596 2137 684 2163 non
715 2121 887 2162 laudare
920 2123 991 2161 aut
1022 2120 1286 2172 uituperare,
1319 2116 1495 2157 suadere
1527 2116 1601 2155 aut
1631 2114 1789 2153 dissua-

197 2192 313 2244 dere,
351 2191 574 2231 intendere
606 2190 706 2244 quid
736 2189 803 2230 uel
836 2188 1045 2242 depellere
1085 2186 1325 2227 debeamus.
1384 2183 1457 2224 illa
1496 2196 1658 2238 quoque
1690 2183 1790 2221 sunt

288 2286 318 2316 7.
344 2294 376 2325 p.
402 2285 466 2314 222
494 2283 532 2317 C.

291 2365 307 2393 1
336 2366 371 2393 ct
397 2373 458 2394 om.
476 2362 520 2399 13;
551 2363 586 2392 P.
612 2363 793 2400 Viam-iim,
822 2361 1117 2402 (Ἅρμ’νοηηενίιις
1142 2360 1264 2399 aliique
1289 2358 1423 2388 [er-liam
1445 2357 1635 2395 [leuel-alem
1659 2358 1790 2394 pat-lem

200 2408 527 2439 ‹lemonstratiuam
559 2409 629 2438 siue
661 2407 887 2437 laudatiuam
920 2406 1131 2437 intercidisse
1163 2408 1318 2438 censent,-
1349 2404 1392 2441 es.
1427 2407 1534 2432 tamen
1560 2400 1717 2440 Spenslel.
1749 2399 1790 2428 (le

201 2455 320 2484 artium
353 2453 485 2493 scripte.
519 2464 551 2493 p.
580 2454 646 2482 133
794 2451 982 2492 generalis
1020 2454 1145 2491 partes
1175 2449 1221 2487 B,
1261 2447 1454 2486 generales
1493 2448 1617 2486 partes
1648 2445 1677 2474 A

200 2501 219 2529 2
247 2497 414 2529 hostendi
441 2497 494 2536 Bg
519 2499 538 2527 1
557 2508 653 2528 manu
790 2498 811 2526 4
839 2496 972 2527 dicitur
996 2496 1060 2534 Eg,
1086 2496 1148 2526 sed
1172 2504 1212 2524 ur
1239 2504 1328 2525 erus.
1468 2493 1487 2521 3
1513 2492 1597 2521 sunt
1621 2490 1673 2528 Bg
1698 2499 1788 2520 corr.

200 2555 244 2575 ex
276 2543 349 2574 sint
487 2543 506 2572 8
537 2550 893 2574 ΠΡΟΕΟΜΕΜΠΤΙΚΗΝ
920 2542 966 2581 A,
1008 2547 1389 2572 UPOCOMGLMINTIKHN
1414 2537 1463 2566 Bu
1495 2540 1528 2566 et
1559 2535 1710 2565 simililer
1739 2533 1791 2571 Bg

291 2589 310 2619 9
337 2588 556 2628 disiungitur
579 2588 636 2618 Ab
754 2588 795 2617 10
820 2586 1118 2627 disputationibus
1143 2585 1173 2615 A
1296 2585 1333 2613 11
1361 2581 1540 2623 profectio
1566 2578 1604 2609 13¹
1722 2578 1791 2608 iso-

203 2634 315 2665 cratis
332 2634 358 2664 13
453 2643 533 2664 esse
548 2633 578 2663 A
674 2634 713 2663 13
739 2631 949 2662 tutissimum
968 2632 997 2662 A
1089 2630 1210 2671 plures
1238 2628 1319 2659 (leit.
1416 2627 1457 2657 17
1483 2632 1790 2657 enKLcMIACTIKON

200 2680 269 2719 Ab,
298 2684 596 2710 ctKuMIAc‘rfflox
615 2678 641 2707 B
758 2685 1028 2708 enmexn'rmon
1046 2676 1086 2713 A,
1112 2675 1175 2706 secl
1199 2683 1259 2704 εΠΙ
1287 2674 1318 2703 in
1344 2682 1412 2703 ras.
1440 2678 1700 2702 emaeIKTffloN
1720 2668 1746 2698 B

204 2727 244 2755 18
270 2733 512 2756 εΠῐῑιεΙΚΤΙΚο
534 2723 619 2763 (KoN
639 2721 674 2763 b)
694 2732 766 2753 non
783 2723 809 2752 B
906 2723 944 2753 19
972 2720 1235 2752 encomiastico
1254 2719 1293 2757 A,
1321 2720 1357 2747 et
1384 2716 1440 2755 {en
1458 2716 1491 2754 b)
1510 2722 1751 2746 muniac'rixw
1766 2714 1791 2744 B

292 2772 334 2801 20
361 2769 485 2801 differe
509 2767 565 2808 A¹,
592 2768 726 2799 diferre
753 2768 806 2806 Bg
898 2768 939 2797 22
967 2765 1182 2807 epidicticos
1199 2765 1237 2800 A,
1265 2769 1530 2794 estmIKTJKOYC
1555 2761 1580 2791 B
1673 2759 1792 2800 plera—

204 2825 270 2855 que
295 2813 325 2845 A
463 2815 506 2845 24
531 2816 613 2844 sunt
639 2814 690 2852 Bg
715 2818 792 2843 unce
819 2822 973 2842 rasuram
1089 2814 1145 2840 set
1169 2808 1211 2839 A¹
1350 2808 1392 2837 25
1419 2810 1626 2836 mutuantes
1652 2806 1705 2836 ecl.
1732 2805 1793 2835 Ae-

204 2860 283 2891 dina
301 2865 333 2891 et
350 2859 500 2890 Badias:
526 2862 711 2889 mutantes
729 2858 814 2895 libri,
842 2857 887 2896 ef.
907 2859 938 2893 3,
959 2858 992 2895 3,
1011 2858 1029 2886 0
1124 2852 1441 2885 demonstratiuzcm
1460 2851 1490 2881 A
1582 2851 1623 2881 27
1650 2850 1794 2881 (lemon-

203 2907 322 2936 strant
345 2905 513 2935 Francius
605 2904 646 2934 29
674 2903 703 2933 is
728 2903 766 2942 B,
793 2902 848 2933 his
873 2902 902 2931 A
995 2901 1031 2931 in
1059 2909 1213 2940 nquam
1240 2908 1311 2929 non
1336 2896 1360 2929 l.
1388 2907 1431 2928 ac
1457 2897 1666 2937 uituperare
1692 2895 1721 2925 A

205 2948 359 2980 suadere
387 2952 449 2981 aut
474 2950 553 2979 AB:
581 2947 733 2979 suadere
762 2958 803 2978 ac
831 2948 855 2977 Τ
