1939 3228
136 880 166 904 10

139 1221 169 1247 15

140 1563 172 1587 20

145 2246 178 2270 30

799 144 881 174 ΧΠ.
923 142 956 186 2,
978 138 1154 171 21—31.
1690 121 1774 164 329

179 251 439 294 institutum.
508 247 662 301 Stoici,
711 246 822 287 sicut
861 244 1025 299 copiam
1072 243 1336 296 nitoremque
1375 237 1641 294 eloquentiae
1685 236 1775 277 fere

180 317 527 375 praeceptoribus
567 315 652 356 suis
692 314 875 355 defuisse
915 311 1152 354 concedant
1188 323 1360 351 necesse
1399 310 1480 361 est,
1530 307 1591 347 ita
1636 304 1776 346 nullos

182 390 256 429 aut
300 386 481 442 probare
523 383 662 425 acrius
710 384 783 423 aut
822 380 1072 422 concludere
1111 377 1307 420 subtilius
1356 374 1637 418 contendunt.
1705 371 1845 413 sed26

182 456 286 497 haec
318 455 431 496 inter
461 454 598 508 ipsos,
642 451 712 506 qui
744 450 861 491 uelut
892 449 1160 490 sacramento
1198 446 1338 501 rogati
1377 444 1445 485 uel
1476 443 1605 484 etiam
1636 455 1777 496 super-

185 523 359 565 stitione
407 521 627 563 constricti
667 519 789 560 nefas
829 518 991 558 ducunt
1030 530 1054 556 a
1101 516 1299 568 suscepta
1338 511 1467 554 semel
1505 509 1778 565 persuasione

184 590 418 633 discedere:
465 589 623 630 oratori
661 601 763 628 uero
802 585 909 627 nihil
948 586 1012 625 est
1059 597 1232 624 necesse
1269 582 1314 622 in
1356 580 1601 634 cuiusquam
1639 577 1779 618 iurare

183 660 314 715 leges.
376 658 511 699 maius
544 656 658 698 enim
689 670 793 709 opus
825 656 950 708 atque
981 651 1284 707 praestantius,
1317 649 1369 690 ad
1400 648 1510 703 quod
1530 647 1620 701 ipse
1641 644 1781 686 tendit
1793 644 1845 686 27

185 730 227 770 et
259 727 377 769 cuius
409 728 473 768 est
503 725 621 766 uelut
652 723 924 776 candidatus,
965 721 997 762 si
1039 719 1207 775 quidem
1247 719 1311 758 est
1338 717 1507 757 futurus
1540 728 1630 756 cum
1665 713 1780 753 uitae

184 799 275 838 tum
307 796 437 837 etiam
468 793 734 848 eloquentiae
765 791 890 832 laude
921 789 1149 844 perfectus.
1194 800 1322 841 quare
1344 785 1389 825 in
1412 782 1651 837 exemplum
1672 781 1781 822 bene

185 864 355 906 dicendi
391 850 747 904 facundissimum
787 872 994 913 quemque
1032 857 1242 911 proponet
1288 852 1368 894 sibi
1416 852 1467 893 ad
1512 849 1780 903 imitandum,

186 932 372 974 moribus
410 944 511 972 uero
550 928 786 970 formandis
827 941 953 982 quam
990 924 1291 966 honestissima
1330 921 1559 976 praecepta
1598 917 1783 959 rectissi-

188 1015 381 1055 mamque
413 999 465 1040 ad
497 998 698 1038 uirtutem
730 996 844 1036 uiam
876 994 1049 1049 deliget.
1103 991 1408 1033 exercitatione
1439 987 1609 1044 quidem
1640 987 1783 1027 utetur

187 1069 316 1123 omni,
350 1068 422 1109 sed
453 1069 596 1107 tamen
631 1065 711 1106 erit
742 1064 948 1119 plurimus
980 1063 1022 1103 in
1056 1060 1252 1102 maximis
1284 1059 1517 1113 quibusque
1550 1070 1599 1096 ac
1629 1056 1797 1096 natura

187 1135 500 1193 pulcherrimis.
561 1148 662 1175 nam
693 1147 800 1187 quae
832 1133 973 1186 potest
1003 1129 1182 1171 materia
1212 1127 1389 1181 reperiri
1421 1126 1472 1166 ad
1504 1124 1696 1179 grauiter
1719 1122 1852 1163 (ιο-28

188 1207 388 1261 pioseque
420 1203 645 1245 dicendum
677 1200 815 1255 inagis
848 1199 1071 1240 abundans
1102 1211 1228 1252 quam
1261 1195 1310 1236 de
1343 1194 1514 1247 uirtute,
1556 1192 1605 1233 de
1637 1206 1680 1232 re
1712 1205 1786 1245 pu-

189 1275 315 1328 blica,
348 1273 399 1314 de
429 1270 711 1327 prouidentia,
744 1269 793 1310 de
825 1268 992 1323 origine
1025 1266 1276 1318 animorum,
1321 1263 1371 1304 de
1404 1260 1622 1302 amicitia?
1681 1259 1786 1299 haec

190 1344 312 1396 sunt,
354 1341 506 1396 quibus
545 1353 665 1380 mens
707 1337 869 1392 pariter
908 1338 1034 1390 atque
1073 1333 1209 1374 oratio
1247 1332 1495 1386 insurgant:
1542 1342 1648 1383 quae
1687 1340 1785 1367 uere

191 1412 315 1465 bona,
347 1409 446 1465 quid
479 1408 651 1462 mitiget
681 1408 833 1458 metus,
868 1405 1061 1445 coerceat
1093 1401 1361 1456 cupiditates,
1403 1398 1561 1440 eximat
1592 1411 1668 1437 nos
1700 1395 1787 1449 opi-

193 1479 394 1521 nionibus
426 1477 545 1532 uulgi
578 1476 849 1528 animumque
882 1472 1107 1514 caelestem
1139 1488 1159 1511 *
1179 1487 1212 1511 *.

305 1547 453 1601 Neque
485 1560 533 1586 ea
565 1544 698 1585 solum
711 1576 722 1597 ,
761 1556 867 1597 quae
905 1540 1064 1581 talibus
1103 1537 1339 1592 disciplinis
1378 1535 1674 1586 continentur,
1715 1532 1856 1573 sed29

191 1617 330 1671 magis
362 1614 510 1667 etiam,
551 1626 657 1668 quae
690 1613 790 1652 sunt
820 1609 979 1651 tradita
1010 1607 1245 1661 antiquitus
1284 1605 1398 1646 dicta
1438 1618 1486 1644 ac
1523 1603 1639 1644 facta
1670 1615 1789 1656 prae-

195 1685 320 1738 clare,
354 1685 396 1724 et
426 1696 549 1723 nosse
583 1683 623 1722 et
646 1679 787 1721 animo
810 1692 977 1732 semper
999 1676 1164 1731 agitare
1189 1674 1428 1716 conueniet.
1471 1686 1577 1727 quae
1599 1669 1790 1725 profecto

194 1766 402 1807 nusquam
435 1750 558 1805 plura
588 1749 833 1802 maioraque
865 1761 992 1801 quam
1022 1745 1068 1785 in
1099 1745 1269 1784 nostrae
1293 1740 1480 1782 ciuitatis
1501 1737 1790 1780 monumentis

193 1820 474 1876 reperientur.
544 1833 599 1858 an
637 1815 957 1867 fortitudinem,
1006 1811 1236 1864 iustitiam,
1276 1810 1423 1863 fidem,
1465 1806 1790 1858 continentiam,
1805 1805 1860 1846 30

162 1905 174 1927 ·‚
193 1888 502 1944 frugalitatem,
536 1886 827 1939 contemptum
859 1882 1015 1923 doloris
1045 1895 1094 1921 ac
1124 1878 1273 1920 mortis
1304 1877 1455 1918 melius
1486 1876 1558 1917 alii
1579 1875 1793 1916 docebunt

195 1972 320 2012 quam
343 1954 542 2008 Fabricii,
576 1953 707 2007 Curii,
740 1950 910 2006 Reguli,
934 1949 1069 2003 Decii,
1093 1947 1223 1989 Mucii
1254 1946 1407 2000 aliique
1429 1942 1793 1985 innumerabiles?

196 2027 401 2080 quantum
435 2023 547 2064 enini
580 2021 731 2063 Graeci
763 2018 1004 2074 praeceptis
1035 2017 1204 2069 ualent,
1245 2016 1413 2055 tantuin
1445 2012 1643 2065 Romani,
1684 2010 1794 2065 quod

197 2095 261 2135 est
291 2093 450 2146 maius,
492 2089 710 2144 exemplis.
772 2090 940 2129 tantum
980 2085 1089 2140 quod
1128 2099 1215 2125 non
1249 2081 1434 2137 cognitis
1465 2080 1537 2121 ille
1568 2080 1693 2121 rebus
1725 2079 1858 2126 aci-*31

130 2182 138 2189 ²
197 2161 417 2216 quieuerit,
452 2160 521 2215 qui
554 2172 641 2199 non
673 2157 795 2197 niodo
827 2154 1065 2210 proximum
1096 2155 1264 2206 tempus
1285 2151 1506 2203 lucemque
1527 2149 1794 2203 praesentem

197 2229 355 2271 intueri
387 2228 491 2270 satis
524 2227 689 2278 credat,
732 2224 804 2264 sed
835 2236 1004 2263 omnem
1035 2219 1298 2275 posteritatis
1330 2216 1577 2264 memoriam
1608 2215 1793 2270 spatium

197 2298 312 2339 uitae
357 2296 563 2337 honestae
603 2296 645 2334 et
684 2291 940 2334 curriculum
981 2288 1117 2330 laudis
1158 2288 1392 2328 existimet:
1439 2285 1541 2326 hinc
1580 2283 1686 2324 milii
1724 2282 1795 2323 ille

290 2448 310 2479 5
337 2444 552 2478 constrictio
577 2445 597 2475 b
726 2442 862 2473 ducunt
885 2441 910 2471 B
936 2440 1016 2482 (sed
1039 2441 1092 2481 Bg
1116 2450 1208 2472 corr.
1234 2448 1252 2469 e
1279 2434 1441 2474 (licunt):
1468 2434 1605 2466 ducant
1630 2435 1690 2464 FT

201 2495 219 2525 7
247 2488 343 2524 enim
368 2492 434 2522 Bn:
475 2490 569 2521 enim
596 2491 613 2521 (Ξ
638 2489 690 2528 Bg
714 2489 875 2520 incertum
907 2489 1059 2527 primane
1090 2497 1133 2517 [ιη
1163 2484 1313 2516 secunda
1343 2492 1440 2512 mame
1579 2482 1598 2512 9
1630 2480 1725 2512 bene
1750 2479 1794 2509 B:

201 2550 263 2571 om.
289 2539 310 2569 b
432 2537 468 2567 11
496 2545 581 2566 uere
606 2535 626 2565 b
746 2534 786 2564 12
813 2531 944 2573 diliget
968 2533 1006 2570 Β,
1030 2532 1115 2572 fort.
1144 2529 1282 2570 dileget
1400 2527 1440 2558 13
1467 2525 1584 2557 omnis
1612 2528 1648 2556 et
1673 2527 1797 2555 tamen

203 2584 272 2615 erit
298 2582 465 2625 plurimis
492 2582 528 2611 in
554 2590 598 2611 m.
627 2579 832 2620 quibusque
859 2581 985 2609 actura
1009 2578 1029 2608 b
1151 2577 1189 2606 14
1216 2584 1335 2614 namq:
1362 2575 1483 2612 potest
1508 2571 1533 2601 B
1653 2571 1692 2601 19
1720 2570 1797 2600 ani-

201 2638 370 2669 mumque
396 2626 528 2658 deceat
554 2625 752 2656 caelestem
781 2623 959 2665 Spalding,
987 2634 1018 2654 a.
1048 2621 1139 2653 cael.
1169 2621 1269 2652 leuet
1296 2618 1478 2649 Buttmann
1552 2616 1594 2648 ⁴20
1621 2625 1700 2647 cam
1727 2615 1753 2644 B

201 2677 241 2706 21
270 2673 408 2705 tradita
425 2673 467 2705 B.
496 2682 555 2703 om.
585 2672 610 2701 T
636 2675 668 2701 et
694 2671 746 2701 ecl.
773 2669 889 2709 Camp.
986 2678 1029 2699 ac
1056 2667 1159 2699 facta
1184 2666 1223 2696 b:
1253 2667 1337 2695 acta
1354 2663 1379 2693 B
1497 2664 1539 2693 ³23
1566 2671 1742 2701 nusquam
1756 2660 1796 2701 B,

201 2721 264 2752 secl
286 2720 339 2759 Bg
366 2721 442 2751 1711.
468 2718 628 2758 nfiquam
655 2715 719 2757 (Bn
743 2715 842 2746 hahet
868 2713 920 2754 n’]
940 2712 1020 2755 qua)
1115 2713 1158 2743 ‘24
1185 2721 1230 2741 an
1256 2710 1298 2740 B:
1327 2711 1389 2740 aut
1414 2709 1446 2746 b,
1472 2711 1512 2738 ut
1536 2708 1598 2737 FT
1692 2704 1798 2737 fidem

204 2764 471 2797 continentiam
497 2773 559 2795 om.
584 2763 605 2792 b
699 2761 741 2792 2ss
768 2759 866 2791 fabri
889 2760 910 2790 b
1005 2757 1129 2798 aliqua
1154 2757 1191 2789 Β,
1217 2757 1280 2787 sed
1304 2756 1336 2785 in
1361 2754 1413 2793 Bg
1438 2752 1587 2794 aliquae
1615 2762 1705 2783 corr.

203 2812 246 2842 28
273 2813 329 2842 est
352 2818 479 2840 manus
504 2809 524 2838 b
619 2809 763 2838 tantum
791 2804 884 2846 quod
902 2821 946 2825 —
965 2803 1196 2845 adquieuerit
1212 2801 1338 2841 svrt'psz'
1362 2799 1590 2840 praecedente
1611 2797 1797 2828 Bonnello:

205 2859 344 2887 tantum
372 2854 465 2896 quod
491 2863 561 2884 11011
589 2852 757 2893 cognatis
782 2850 842 2882 ide
869 2849 976 2881 rebus
1004 2848 1189 2879 admoueri
1215 2847 1253 2885 B,
1287 2849 1310 2878 t.
1339 2854 1370 2885 q.
1399 2854 1471 2875 non
1497 2843 1647 2884 cognoti
1669 2841 1797 2873 sideri-

204 2902 272 2932 bus
299 2900 425 2932 adueri
450 2900 486 2935 b,
521 2901 660 2929 tantum
689 2895 784 2938 quod
810 2906 881 2927 non
908 2892 1175 2935 cognoscendis
1207 2892 1316 2923 rebus
1342 2888 1570 2930 adquieuerit
1595 2888 1742 2919 Bmmell
1765 2888 1799 2917 in

205 2949 273 2977 lem.
294 2946 403 2984 Quint.
428 2956 464 2985 1).
483 2946 560 2984 85¹7,
590 2945 802 2982 tantumque
830 2951 900 2972 non
928 2939 1087 2981 cognitis
1114 2937 1175 2969 ille
1202 2936 1310 2967 robus
1337 2934 1523 2976 adquierit
1548 2935 1633 2965 idem
1658 2934 1691 2964 z'n
1717 2934 1797 2964 edit.

296 2993 335 3023 :51
362 2990 448 3021 hinc
473 2989 561 3020 mihi
586 2990 664 3023 edd,
691 2991 770 3019 zcett.
797 2986 886 3018 mihi
910 2986 948 3026 B,
971 2986 1055 3025 fort.
1080 2983 1166 3015 hinc
1193 2981 1279 3023 (sine
1305 2980 1407 3022 mihi)
