1939 3228
784 137 867 167 ΧΠ.
925 133 979 177 10,
1013 133 1092 165 1-
1107 134 1162 168 11.
1681 127 1765 171 345

173 254 277 295 quas
309 239 541 292 φανταείαε
570 240 741 293 uocant,
774 237 921 280 Theon
953 238 1133 293 Samius,
1164 239 1340 295 ingenio
1372 242 1414 282 et
1443 241 1606 296 gratia,
1639 256 1764 296 quam

172 308 218 350 in
249 321 293 349 se
322 307 413 362 ipse
443 307 625 348 maxime
656 307 804 361 iactat,
838 307 1011 361 Apelles
1042 308 1106 349 est
1125 308 1531 362 praestantissimus.
1572 309 1764 365 Euphra-

173 390 320 419 norem
352 375 646 417 admirandum
676 374 802 429 facit,
843 374 953 429 quod
991 377 1033 416 et
1073 375 1224 417 ceteris
1262 377 1432 431 optimis
1470 377 1621 418 studiis
1652 378 1765 420 inter

173 443 424 498 praecipuos
456 445 498 484 et
528 442 735 498 pingendi
765 443 1038 498 fingendique
1068 443 1182 484 idem
1213 444 1344 486 mirus
1376 445 1532 486 artifex
1562 445 1658 487 fuit.

139 520 155 546 5
288 511 446 553 Similis
476 512 522 552 in
553 511 770 552 statuariis
801 510 1055 553 differentia.
1124 526 1224 553 nam
1264 512 1431 555 duriora
1462 515 1505 555 et
1533 515 1802 559 tuscanicis7

174 579 366 634 proxima
388 578 537 621 Callon
570 581 696 634 atque
717 578 942 635 Hegesias,
975 579 1061 620 iam
1091 579 1232 621 minus
1263 581 1402 636 rigida
1433 581 1630 636 Calamis,
1664 583 1766 624 mol-

172 647 279 688 liora
319 646 455 688 adhuc
494 661 621 702 supra
659 647 785 688 dictis
824 647 977 702 Myron
1015 646 1130 689 fecit.
1200 648 1424 704 diligentia
1470 664 1519 692 ac
1558 651 1683 692 decor
1720 651 1766 693 in

173 714 382 770 Polyclito
423 729 551 769 supra
591 716 774 769 ceteros,
831 716 898 757 cui
939 730 1195 771 quamquam
1239 732 1262 758 a
1308 716 1519 772 plerisque
1564 718 1766 760 tribuitur

173 783 328 837 palma,
361 785 519 837 tamen,
552 798 605 824 ne
637 783 746 824 nihil
777 783 1038 838 detrahatur,
1073 784 1217 826 deesse
1247 784 1412 840 pondus
1434 787 1602 840 putant.
1664 790 1804 831 namS

123 861 154 886 10
174 853 221 892 ut
260 852 473 893 humanae
514 851 676 893 formae
702 851 913 893 'decorem
956 852 1166 894 addiderit
1203 868 1331 908 supra
1368 868 1536 908 uerum,
1580 855 1641 896 ita
1679 870 1767 897 non

175 920 409 975 expleuisse
441 920 615 961 deorum
654 920 952 962 auctoritatem
991 920 1171 962 uidetur.
1241 922 1343 976 quin
1382 924 1564 964 aetatem
1603 938 1766 979 quoque

173 988 413 1044 grauiorem
453 987 609 1029 dicitur
646 988 854 1043 refugisse
892 987 1001 1030 nihil
1048 1003 1175 1030 ausus
1214 989 1325 1031 ultra
1362 990 1468 1032 leuis
1506 1005 1654 1046 genas.
1724 995 1768 1033 at

172 1070 278 1111 quae
309 1055 518 1110 Polyclito
550 1055 789 1109 defuerunt,
822 1055 1000 1098 Phidiae
1032 1059 1158 1112 atque
1189 1058 1413 1099 Alcameni
1445 1059 1612 1101 dantur.
1664 1060 1802 1103 Phi-9

173 1125 262 1167 dias
293 1126 438 1166 tamen
470 1123 532 1164 dis
564 1137 690 1178 quam
721 1124 963 1166 hominibus
1006 1125 1262 1180 effingendis
1300 1126 1449 1168 melior
1487 1127 1641 1169 artifex
1681 1143 1765 1170 cre-

122 1204 153 1229 15
173 1194 307 1247 ditur,
351 1193 397 1234 in
440 1192 563 1234 ebore
605 1206 705 1234 uero
746 1193 874 1248 longe
918 1193 1024 1235 citra
1070 1193 1302 1248 aemulum,
1347 1195 1414 1236 uel
1456 1195 1490 1236 si
1533 1195 1641 1237 nihil
1682 1197 1766 1238 nisi

172 1261 411 1303 Mineruam
442 1260 625 1302 Athenis
658 1262 731 1302 aut
763 1261 1007 1316 Olympium
1039 1261 1083 1302 111
1104 1261 1226 1304 Elide
1257 1262 1400 1304 Iouem
1430 1263 1615 1317 fecisset,
1650 1264 1767 1306 cuius

172 1329 442 1385 pulchritudo
481 1329 685 1370 adiecisse
733 1329 892 1384 aliquid
938 1329 1067 1371 etiam
1105 1332 1301 1385 receptae
1339 1331 1536 1386 religioni
1577 1332 1766 1374 uidetur:

173 1398 277 1439 adeo
307 1397 507 1439 maiestas
539 1397 677 1452 operis
709 1398 832 1439 deum
864 1398 1073 1453 aequauit.
1136 1398 1188 1439 ad
1219 1398 1444 1440 ueritatem
1464 1400 1695 1455 Lysippum
1718 1416 1767 1443 ac

173 1466 417 1508 Praxitelen
449 1466 676 1507 accessisse
699 1466 858 1520 optime
882 1466 1132 1508 adfirmant:
1164 1481 1264 1508 nam
1285 1466 1526 1509 Demetrius
1548 1470 1766 1524 tamquam

121 1547 154 1572 20
172 1534 330 1576 nimius
361 1534 407 1575 in
439 1549 487 1575 ea
518 1533 844 1589 reprehenditur
875 1536 917 1576 et
948 1534 1030 1575 fuit
1061 1535 1352 1577 similitudinis
1385 1551 1511 1591 quam
1532 1536 1766 1591 pulchritu-

173 1603 284 1645 dinis
316 1602 542 1644 amantior.

286 1671 339 1712 In
371 1671 564 1712 oratione
595 1685 694 1712 uero
725 1672 761 1712 si
792 1671 954 1726 sp'ecies
984 1672 1141 1713 intueri
1173 1672 1292 1727 uelis,
1332 1673 1507 1715 totidem
1540 1689 1674 1729 paene
1706 1689 1767 1716 re-
1784 1675 1836 1716 10

172 1740 312 1794 perias
344 1739 615 1794 ingeniorum
646 1742 747 1793 quot
787 1754 1011 1794 corporum
1049 1740 1222 1782 formas.
1292 1741 1363 1782 sed
1402 1742 1521 1783 fuere
1559 1743 1767 1797 quaedam

172 1822 332 1862 genera
363 1807 531 1849 dicendi
565 1807 812 1849 condicione
834 1810 1071 1862 temporum
1092 1808 1343 1863 horridiora,
1377 1808 1533 1864 alioqui
1564 1826 1767 1866 magnam

121 1888 154 1913 ‘25
173 1876 256 1917 iam
289 1875 454 1930 ingenii
492 1875 580 1916 uim
618 1890 721 1930 prae
760 1890 803 1917 se
840 1876 1037 1917 ferentia.
1106 1876 1208 1918 hinc
1239 1877 1327 1918 sint
1356 1876 1511 1932 Laelii,
1553 1879 1765 1933 Africani,

174 1944 359 1987 Catones
392 1943 520 1985 etiam
545 1943 826 1998 Gracchique,
860 1958 964 1998 quos
995 1946 1042 1985 tu
1072 1944 1174 1986 licet
1194 1945 1456 2001 Polygnotos
1478 1947 1544 1988 uel
1568 1947 1765 1989 Callonas

174 2012 376 2067 appelles.
438 2012 619 2052 mediam
650 2011 766 2052 illam
797 2012 978 2053 formam
1009 2014 1187 2054 teneant
1216 2013 1263 2055 L.
1288 2013 1478 2068 Crassus,
1512 2014 1559 2063 Q.
1583 2015 1766 2057 Horten·
1784 2016 1831 2055 11

173 2081 273 2121 sius.
342 2082 432 2121 tum
472 2080 623 2121 deinde
663 2079 902 2122 efflorescat
939 2095 1025 2122 non
1064 2081 1244 2123 multum
1282 2082 1394 2123 inter
1433 2097 1476 2123 se
1515 2083 1773 2129 distantium

173 2150 362 2202 tempore
393 2149 605 2189 oratorum
635 2148 790 2203 ingens
821 2150 1067 2202 prouentus.
1129 2150 1197 2190 hic
1228 2150 1314 2190 uim
1346 2149 1549 2205 Caesaris,
1582 2151 1766 2193 indolem

122 2229 154 2253 30
175 2216 303 2270 Caeli,
336 2215 617 2270 suptilitatem
650 2215 798 2270 Calidi,
833 2216 1100 2271 diligentiam
1130 2216 1347 2271 Pollionis,
1381 2217 1637 2272 dignitatem
1659 2219 1766 2261 Mes-

173 2284 300 2336 salae,
333 2284 608 2325 sanctitatem
629 2283 764 2338 Calui,
797 2285 1057 2339 grauitatem
1078 2284 1215 2340 Bruti,
1247 2300 1424 2328 acumen
1446 2285 1619 2341 Sulpici,
1654 2301 1765 2329 acer-

264 2435 283 2464 2
309 2433 451 2465 iactata
476 2433 586 2475 pellis
610 2434 630 2464 b
747 2436 767 2466 3
793 2434 950 2476 optimus
975 2434 1001 2464 B
1028 2433 1134 2474 (corr.
1162 2434 1197 2474 b)
1298 2434 1428 2467 studiis
1453 2436 1491 2467 b:
1520 2436 1638 2468 etudis
1663 2437 1701 2477 B,
1730 2441 1766 2469 et

174 2478 306 2510 nudis
331 2479 367 2508 M
482 2479 502 2510 5
527 2479 564 2510 in
590 2489 650 2510 om.
677 2479 728 2519 Bg
755 2482 773 2510 1
791 2490 830 2511 m.
932 2480 1123 2511 statuariis
1148 2480 1281 2512 Christ:
1309 2481 1440 2512 statuis
1464 2481 1544 2513 libri
1642 2484 1764 2514 tusca-

173 2524 230 2555 nis
255 2525 317 2554 Mb
412 2525 432 2554 6
459 2523 577 2555 eallon
602 2525 640 2555 b:
668 2524 763 2557 callo
788 2525 857 2555 ΒΜ
950 2525 1124 2566 hegesias
1149 2526 1200 2556 M:
1227 2525 1399 2567 hegestas
1424 2526 1462 2566 Β,
1488 2526 1650 2568 hegisias
1675 2528 1696 2558 b

174 2568 312 2601 calmus
337 2570 357 2600 b
496 2570 516 2600 8
548 2569 718 2611 policrito
745 2571 799 2611 M,
832 2569 1024 2610 Polycleto
1050 2579 1071 2605 ς
1188 2580 1404 2612 quamquam
1429 2572 1477 2602 Bn
1504 2574 1576 2605 lm.
1602 2583 1692 2604 corr.
1720 2584 1765 2605 ea:

173 2618 359 2655 tamquam
478 2615 518 2645 12
544 2617 629 2646 utra
653 2616 673 2646 b
766 2615 869 2647 leues
893 2616 957 2650 Μς
1074 2618 1114 2648 13
1140 2615 1330 2657 Polycleto
1357 2625 1377 2651 ς
1471 2616 1578 2649 fidiae
1605 2617 1674 2647 BM

173 2659 278 2691 fidias
302 2660 336 2690 Μ
477 2660 517 2690 14
549 2659 618 2691 diis
644 2667 665 2694 ς
804 2660 1022 2702 effingendis
1052 2660 1210 2692 Dulcerus
1244 2659 1308 2701 (acl
1330 2661 1424 2694 Suet.
1452 2663 1573 2694 Domz't.
1601 2664 1619 2693 9
1646 2665 1679 2694 in
1710 2665 1763 2696 ed.

175 2704 363 2746 Ozcdencl.):
391 2704 595 2736 efficiendis
620 2704 698 2736 libri
790 2706 831 2737 16
856 2705 1077 2747 olymphium
1102 2707 1122 2737 b
1217 2707 1319 2738 cuius
1344 2707 1483 2748 pulchr.
1512 2707 1629 2741 adiee.
1655 2719 1716 2742 om.
1743 2709 1763 2739 b

266 2751 307 2781 18
333 2750 516 2792 lysippum
543 2760 589 2781 an
615 2750 807 2791 paxitalen
825 2752 845 2781 b
871 2749 926 2791 (m.
944 2751 994 2791 3),
1021 2751 1177 2792 lisippus
1204 2763 1246 2783 ac
1273 2752 1499 2794 prasitellem
1518 2754 1553 2782 M
1645 2755 1688 2785 20
1713 2754 1764 2784 ni-

175 2795 254 2827 miis
279 2796 299 2826 b
416 2794 674 2836 repraenditur
699 2795 752 2835 Bg
882 2797 923 2827 22
950 2795 1042 2828 uelis
1067 2798 1150 2828 Mb:
1176 2796 1269 2829 uelit
1293 2798 1353 2839 Bn,
1380 2797 1480 2830 uelet
1504 2798 1556 2837 Bg
1672 2799 1763 2830 reci-

176 2840 256 2881 pias
282 2841 302 2870 b
396 2842 439 2872 24
465 2840 669 2872 conditione
696 2841 744 2871 Bn
838 2852 1025 2883 corporum
1050 2841 1230 2874 horridior
1254 2843 1274 2873 b
1376 2843 1512 2884 alioqui
1537 2844 1573 2873 b:
1602 2842 1764 2885 alioquin

174 2885 245 2915 BM
361 2887 404 2917 ‘25
430 2886 615 2927 ingenium
642 2896 728 2927 prae
754 2887 775 2916 b
890 2886 979 2918 laeli
1004 2887 1041 2926 B,
1068 2886 1146 2918 lelii
1174 2890 1210 2919 et
1235 2889 1270 2917 M
1385 2889 1426 2919 26
1453 2898 1612 2920 canones
1637 2889 1657 2919 b

173 2931 215 2961 27
241 2929 343 2961 illam
368 2932 412 2963 B:
438 2932 512 2962 iam
536 2932 572 2961 M
699 2932 741 2962 28
768 2934 843 2963 tum
871 2949 907 2953 —-
937 2935 1137 2973 prouentus
1162 2943 1223 2966 om.
1250 2934 1285 2963 M
1402 2933 1611 2965 efflorescat
1635 2934 1674 2965 b:
1701 2934 1761 2966 flo-

173 2977 295 3024 rescat
318 2975 344 3007 B
461 2978 504 3009 30
529 2976 700 3018 pollionis
725 2977 777 3008 M:
805 2976 961 3019 poliouis
985 2977 1025 3020 B,
1053 2977 1234 3021 caluiquis
1259 2978 1279 3010 b
1388 2980 1429 3011 31
1456 2979 1694 3011 sanctitatem
1719 2980 1758 3011 b:
