1939 3180
217 100 272 143 84
735 112 1028 151 QUINTILIANI
1059 114 1179 145 1Nsr.
1214 114 1288 145 on.

148 215 193 256 81
217 215 454 256 excitata
485 215 746 257 uideatur.
810 218 911 259 sunt
951 218 993 257 et
1030 217 1128 258 illae
1159 217 1329 258 breues:
1372 218 1494 273 uagi
1525 232 1616 272 per
1643 217 1809 259 siluas

215 283 324 323 ritu
354 283 610 338 ferarum,
645 285 687 324 et
717 283 822 324 illud
846 274 1061 326 Ciceronis
1083 285 1128 340 111
1152 284 1365 340 Clodium:
1397 300 1494 341 quo
1525 301 1582 327 ex
1613 286 1809 327 iudicio

215 351 365 392 uelut
396 366 453 392 ex
484 351 733 392 incendio
764 352 933 392 nudus
976 352 1202 408 effugit..
1255 353 1406 408 quibus
1446 353 1601 395 similia
1630 356 1809 409 possunt

217 419 466 474 cuicumque
498 419 628 460 etiam
661 434 711 460 ex
743 419 955 461 cotidiano
986 435 1178 462 sermone
1210 435 1467 462 succurrere.

327 486 440 528 Huic
481 487 671 528 subiacet
709 487 845 529 uirtus
884 502 971 529 non
1011 488 1145 529 solum
1186 490 1331 543 aperte
1372 489 1559 542 ponendi
1589 503 1677 530 rem
1709 491 1844 530 antes

147 553 375 608 82ocu10s‚
409 555 480 596 sed
514 555 761 597 circumcise
794 559 919 610 atque
950 556 1165 597 uelociter:
1226 571 1278 598 ,ac
1308 557 1458 597 merito
1488 556 1687 597 laudatur
1718 557 1809 598 bre-

214 623 327 664 uitas
359 623 544 678 integra,
579 624 650 664 sed
683 638 731 664 ea
762 623 902 664 minus
933 626 1145 678 praestat,
1187 624 1381 678 quotiens
1420 623 1527 665 nihil
1568 624 1691 678 dicit,
1724 625 1809 665 nisi

214 691 325 745 quod
356 705 528 732 11666336
560 694 624 732 est
646 692 950 746 (βραχυλογίαν
981 694 1151 743 uocant,
1185 706 1292 746 quae
1322 692 1520 733 reddetur
1550 692 1663 733 inter
1693 692 1809 733 sche-

213 760 371 815 mata),
413 761 477 800 est
507 774 608 801 uero
638 760 946 814 pulcherrima,
988 774 1082 801 cum
1120 759 1244 814 plura
1281 760 1427 814 paucis
1468 760 1805 815 complectimur,

213 827 336 882 quale
368 826 542 869 Sallusti
574 830 658 869 est:
690 827 1036 869 Mithridates
1068 828 1551 884 corporeingenti,
1585 829 1859 883 perinde10

215 897 459 936 armatus.
520 895 599 937 hoc
630 897 740 937 male
773 896 992 937 imitantes
1023 896 1213 950 sequitur
1244 896 1492 937 obscuritas.

145 963 198 1004 83
325 963 480 1005 Vicina
495 963 753 1018 praedictae,
770 965 840 1006 sed
861 963 1042 1019 amplior
1058 965 1194 1005 uirtus
1217 966 1280 1005 est
1301 979 1375 1005 6111
1385 964 1587 1019 phasis,
1614 964 1807 1005 altiorem

213 1031 423 1086 praebens
455 1032 722 1073 intellectum
753 1048 880 1087 quam
915 1047 1038 1087 quem
1076 1032 1207 1073 uerba
1246 1047 1321 1086 per
1359 1047 1402 1073 se
1440 1033 1532 1087 ipsa
1572 1033 1805 1073 declarant.

215 1100 303 1141 eius
336 1100 442 1141 duae
474 1102 576 1141 sunt
606 1100 789 1155 species:
830 1100 986 1154 altera,
1020 1115 1127 1155 quae
1158 1100 1251 1155 plus
1283 1101 1501 1155 signifieat
1532 1115 1658 1155 quam
1689 1101 1805 1154 dicit,

145 1167 199 1208 84
215 1168 363 1222 altera,
397 1183 502 1222 quae
535 1169 662 1209 etiam
694 1168 750 1222 id,
785 1169 895 1223 quod
926 1183 1013 1209 non
1044 1168 1157 1210 dicit.
1197 1169 1315 1223 prior
1345 1170 1410 1209 est
1439 1171 1481 1210 et
1512 1168 1623 1223 apud
1654 1167 1806 1209 Home-
1827 1182 1859 1205 15

212 1251 326 1291 rum,
366 1251 461 1277 cum
501 1235 720 1277 Menelaus
761 1237 910 1278 Graios
949 1236 994 1277 in
1035 1251 1187 1291 equum
1226 1236 1542 1277 ‘descendisse’
1582 1237 1661 1290 ait,
1708 1252 1807 1277 nain

212 1305 341 1346 uerbo
387 1319 472 1346 uno
520 1304 862 1359 magnitudinem
909 1305 997 1346 eius
1042 1304 1249 1358 ostendit,
1306 1307 1348 1345 et
1392 1304 1504 1359 apud
1548 1304 1805 1359 Vergilium:

213 1372 494 1414 demissum
527 1373 667 1427 lapsi
698 1387 788 1427 per
818 1373 1017 1414 funem:
1050 1387 1149 1413 nam
1172 1372 1232 1413 sic
1253 1386 1415 1427 quoque
1439 1372 1616 1413 altitudo
1638 1373 1808 1413 demon-

212 1443 347 1482 strata
380 1443 456 1482 est.
499 1441 611 1482 idem
644 1440 829 1496 Cyclopa
863 1456 955 1482 cum
984 1441 1164 1482 iacuisse
1195 1440 1302 1481 dixit
1328 1455 1422 1495 per
1453 1442 1681 1494 antrum,
1714 1455 1807 1495 pro-

144 1509 197 1551 85
212 1509 422 1564 digiosum
453 1509 557 1550 illud
589 1523 740 1563 corpus
772 1509 910 1563 spatio
948 1509 1031 1550 loci
1062 1523 1233 1550 mensus
1274 1512 1350 1550 est.
1413 1523 1592 1563 sequens
1623 1509 1806 1563 positum
1826 1523 1858 1547 20

211 1578 256 1618 in
288 1592 391 1619 uoce
423 1580 497 1618 aut
536 1577 710 1618 omnino
750 1578 976 1632 subpressa
1009 1580 1081 1618 aut
1122 1577 1250 1618 etiam
1291 1576 1468 1618 abscisa.
1530 1577 1808 1631 subprimitur

214 1660 311 1700 uox,
345 1648 391 1687 ut
421 1646 526 1687 fecit
555 1660 632 1700 pro
664 1645 836 1701 Ligario
869 1645 1034 1688 Cicero:
1081 1645 1270 1700 quodsi
1308 1644 1357 1685 in
1396 1647 1549 1686 tanta
1588 1645 1808 1686 fortuna

211 1714 434 1756 bonitas
465 1717 620 1755 tanta
650 1728 752 1755 11011
785 1717 947 1767 esset,
992 1728 1138 1768 quam
1179 1716 1232 1754 tu
1272 1728 1360 1767 per
1398 1716 1469 1767 te,
1509 1728 1602 1767 per
1640 1716 1690 1754 te
1729 1714 1806 1754 111-

212 1797 381 1837 quam,
414 1782 650 1837 optines:
684 1782 972 1837 intellego,
1008 1781 1351 1836 quidloquar.
1394 1782 1529 1822 tacuit
1551 1782 1664 1822 6111111
1686 1781 1803 1834 illud,

212 1850 322 1905 quod
353 1850 629 1891 nihilominus
662 1850 905 1905 accipimus,
937 1864 1020 1890 non
1045 1850 1189 1890 deesse
1210 1849 1417 1903 homines,
1451 1849 1521 1903 qui
1546 1850 1593 1889 ad
1629 1848 1805 1890 crudeli·
1826 1861 1858 1885 25

212 1921 345 1959 tatem
379 1933 472 1959 eum
503 1918 741 1972 impellant.
785 1918 1017 1959 absciditur
1039 1933 1114 1972 per
1135 1918 1439 1973 ἀποειώπηειν,
1471 1932 1577 1972 quae
1608 1918 1807 1972 quoniam

146 1987 200 2028 86
220 1989 284 2027 est
314 1986 466 2041 figura,
500 1986 697 2027 reddetur
728 2001 802 2027 suo
832 1987 939 2027 loco.
1002 1989 1066 2027 est
1095 1986 1139 2027 in
1180 1985 1429 2040 uulgaribus
1467 2000 1629 2040 quoque
1667 1985 1807 2026 uerbis

213 2054 446 2109 emphasis:
480 2054 639 2095 ‘uirum
662 2069 751 2095 esse
781 2058 985 2109 oportet’,
1020 2056 1062 2095 et
1084 2057 1104 2074 '⁶
1115 2054 1239 2095 homo
1263 2057 1325 2095 est
1346 2053 1456 2108 ille',
1482 2056 1523 2094 et
1555 2053 1806 2094 ‘uiuendum

213 2125 323 2164 est’:
357 2123 460 2163 adeo
492 2122 641 2164 similis
674 2125 737 2164 est
768 2123 849 2164 arti
881 2123 1129 2178 plerumque
1160 2125 1329 2163 natura.

898 2190 908 2203 .

303 2253 335 2282 2.
363 2251 406 2282 fr.
436 2253 463 2291 1,
490 2252 521 2282 6.
634 2252 686 2282 lO.
714 2250 809 2282 Hist.
836 2250 880 2284 fr.
906 2250 952 2290 11,
979 2251 1022 2281 47
1048 2249 1214 2283 Dietsch.
1328 2251 1378 2281 15.
1406 2249 1471 2281 Od.
1501 2251 1552 2290 ll,
1580 2250 1656 2280 5223.
1753 2250 1804 2280 17.

211 2295 300 2328 Aen.
327 2298 358 2337 2,
385 2298 461 2329 262.
559 2297 610 2330 19.
638 2296 687 2327 ib.
714 2298 747 2338 3,
774 2298 850 2327 631.
945 2297 999 2327 22.
1026 2306 1055 2326 c.
1081 2298 1113 2336 5,
1141 2297 1193 2327 15.

304 2412 318 2440 1
350 2410 471 2441 excita
495 2410 596 2440 AMb
690 2419 769 2441 6336
795 2407 965 2440 uideatur
989 2409 1057 2441 Cic.
1153 2411 1172 2439 3
1199 2407 1299 2439 uelut
1326 2411 1361 2439 et
1385 2409 1414 2438 A
1506 2410 1526 2439 4
1554 2407 1752 2439 cottidiano
1776 2407 1804 2437 A
1835 2445 1841 2451 .

303 2457 322 2487 5
349 2456 506 2487 subiecit
530 2454 640 2495 A¹(?),
668 2455 852 2485 subiectat
876 2455 908 2492 b,
936 2455 1105 2485 subiecta
1132 2458 1187 2485 631
1211 2455 1246 2483 Μ
1362 2455 1380 2484 (3
1406 2454 1571 2485 breuitas
1597 2454 1715 2484 AMb:
1742 2463 1803 2483 116-

212 2502 342 2532 locitas
368 2501 394 2531 B
489 2502 506 2533 7
535 2511 613 2532 eam
641 2501 749 2531 nimis
774 2500 799 2530 B
826 2500 930 2538 (ew-r.
957 2500 991 2540 b)
1086 2502 1105 2531 9
1132 2499 1410 2540 complectimur
1434 2499 1516 2529 AB:
1551 2499 1803 2540 amplectimur

216 2548 344 2578 Aneed.
376 2547 456 2576 1)(ιί’.
483 2557 517 2587 p.
538 2548 593 2587 12,
622 2546 877 2586 complectitur
902 2547 974 2576 eorl.
1006 2545 1101 2576 Goth.
1176 2547 1216 2576 10
1242 2545 1391 2587 perinde
1411 2546 1436 2575 P
1455 2546 1513 2584 (-—-
1533 2545 1662 2577 Aneml.
1686 2544 1803 2583 l'mz):

212 2591 362 2633 proinde
388 2592 495 2621 AGM
590 2594 626 2622 11
655 2592 839 2622 animatus
864 2591 1031 2622 malebant
1056 2591 1194 2631 Lipsius
1220 2597 1250 2622 ec
1278 2591 1394 2621 szza
1487 2590 1553 2621 1106
1578 2589 1655 2621 BP:
1682 2590 1717 2620 iu
1738 2590 1802 2619 lioc

211 2638 314 2667 AMb
409 2638 612 2667 imitantem
639 2638 668 2667 A
763 2638 801 2667 12
829 2637 891 2667 sed
919 2637 1024 2667 11111113
1052 2635 1206 2677 amplior
1230 2637 1254 2666 P
1364 2638 1406 2667 15
1433 2639 1468 2666 et
1494 2635 1530 2666 id
1556 2636 1581 2665 P
1676 2636 1714 2665 17
1742 2636 1803 2664 aut

212 2682 306 2724 apud
332 2683 356 2711 P
453 2684 491 2713 18
516 2682 700 2713 dimissum
726 2682 752 2712 B
846 2682 1096 2712 demonstrata
1123 2685 1178 2712 est
1204 2681 1359 2712 altitudo
1384 2682 1420 2718 P,
1452 2685 1507 2712 est,
1531 2681 1623 2710 (lem.
1649 2680 1710 2712 alt.
1730 2679 1759 2708 A

212 2732 254 2759 20
281 2727 352 2758 luci
379 2728 417 2764 P,
446 2729 496 2758 rei
522 2729 556 2757 M
672 2728 828 2769 positum
855 2728 966 2760 ABP:
995 2727 1149 2768 positum
1178 2731 1233 2757 est
1259 2728 1309 2766 M,
1338 2727 1457 2767 posita
1484 2729 1539 2756 est
1563 2734 1583 2759 ς
1699 2726 1740 2754 22
1766 2725 1800 2754 in

211 2777 317 2803 tanta
342 2773 497 2803 ABPM:
525 2774 559 2803 in
588 2773 654 2804 lmc
683 2778 788 2803 tanta
814 2776 877 2803 tua
903 2773 980 2803 tan-z·
1007 2774 1071 2803 (siv.
1166 2774 1207 2803 23
1235 2782 1330 2812 quan
1355 2772 1383 2801 A
1477 2781 1538 2812 per
1563 2774 1596 2800 te
1623 2771 1678 2800 Ab
1703 2769 1803 2800 semel

212 2819 343 2855 lmlwnl,
373 2829 481 2858 parce
510 2829 572 2860 per
598 2823 633 2849 te
660 2819 695 2847 M
787 2820 827 2848 24
855 2819 988 2859 optime
1007 2819 1062 2848 Ab
1158 2818 1311 2855 inlelligo
1329 2817 1357 2846 A
1451 2816 1565 2846 lacuit
1592 2816 1686 2845 cuim
1715 2814 1800 2845 illud

213 2874 273 2894 (1711.
300 2864 320 2893 b
415 2866 456 2895 25,
484 2864 607 2895 deesse
632 2865 661 2894 A
753 2865 794 2894 26
820 2875 889 2895 eam
916 2863 1107 2904 impellant
1131 2862 1326 2893 absciditur
1344 2860 1373 2891 A
1467 2869 1735 2892 auocnc'riliciN
1763 2859 1800 2895 B,

215 2917 465 2941 :uiociwnecm
493 2909 521 2939 A
630 2911 672 2941 27
699 2909 862 2941 redditur
885 2909 1000 2939 A'Mb
1095 2908 1308 2949 uolgaribus
1333 2907 1361 2936 A
1477 2907 1518 2935 *23
1546 2907 1658 2936 uirum
1686 2907 1798 2935 uirum

214 2964 291 2983 6336
319 2954 355 2994 Β,
381 2957 444 2985 sm!
467 2957 604 2985 altri-nm
632 2956 744 2985 uirum
773 2956 804 2985 in
831 2955 882 2993 Bg
906 2959 1036 2995 punc-L,
1064 2963 1186 2983 uerum
1214 2963 1293 2983 csse
1319 2953 1344 2981 P
1438 2951 1630 2982 uidendum
1657 2951 1754 2980 AMb
