1939 3180
212 117 268 158 44
733 126 1027 165 QUINTILIAM
1059 126 1178 157 INST.
1212 124 1286 157 oR.

212 230 443 285 propinqui
473 229 586 270 bona
617 229 698 270 sibi
728 229 1022 271 uindicabant.
1066 228 1158 284 quis
1190 229 1417 284 dubitaret,
1452 229 1555 284 quin
1586 245 1634 271 ea
1663 229 1819 274 uolua.

212 300 279 339 tas
309 297 462 339 fuisset
493 297 707 352 testantis,
741 299 788 338 ut
817 297 853 339 is
874 312 962 338 non
990 299 1092 338 nato
1120 294 1210 338 filio
1230 297 1352 339 heres
1375 300 1485 339 esset
1515 298 1587 353 qui
1617 297 1813 339 mortuo?

148 366 286 407 llsed
323 365 403 407 hoc
439 380 528 407 non
567 367 810 420 scripserat.
872 365 914 406 id
952 352 1139 421 quoque,
1160 365 1284 420 ‘quod
1314 365 1413 407 huic
1445 365 1704 407 contrarium
1736 367 1812 420 est,

213 434 368 475 accidit
397 449 554 489 nuper,
596 435 642 474 ut
681 435 791 474 esset
821 433 1027 488 seriptum
1058 434 1168 488 quod
1205 436 1430 488 appareret
1460 434 1710 488 scriptorem
1739 448 1813 475 no-

211 502 353 544 luisse.
416 502 486 556 qui
524 501 767 543 sestertium
798 516 1018 542 nummum
1058 502 1243 556 quinque
1280 501 1399 542 milia
1437 501 1675 556 legauerat,
1718 515 1848 543 cums

214 570 460 611 emendaret
476 572 795 624 testamentum,
814 569 994 611 sublatis
1013 568 1219 613 sestertiis
1235 569 1419 610 nummis
1442 573 1452 590 ³
1465 569 1634 625 argenti
1649 569 1813 624 pondo’

212 639 367 692 posuit,
409 639 621 693 “quinque
659 638 803 679 milia'
843 639 1108 679 manserunt.
1178 637 1378 691 apparuit
1422 639 1568 679 tamen
1607 638 1814 692 ‘quinque

212 707 375 760 pondo’
408 706 496 747 dari
529 706 727 760 uoluisse,
759 706 858 760 quia
888 706 959 747 ille
991 706 1035 746 in
1067 707 1246 760 argento
1277 705 1410 760 legati
1441 705 1588 747 modus
1621 707 1662 747 et
1696 705 1814 746 inau-

148 775 326 816 12ditus
365 776 457 816 erat
495 776 538 816 et
578 773 854 815 incredibilis.
917 774 994 815 sub
1032 772 1113 814 hoc
1152 775 1268 814 statu
1304 773 1526 828 generales
1559 775 1659 815 sunt
1689 788 1814 828 quae-

212 843 385 898 stiones,
420 843 579 897 scripto
612 858 667 883 an
697 842 920 883 uoluntate
952 841 1151 882 standum
1183 841 1259 895 sit,
1293 856 1400 896 quae
1430 841 1559 882 fuerit
1589 841 1814 883 scribentis
1836 857 1866 882 10

212 910 431 952 uoluntas:
472 913 682 952 tractatus
714 924 860 951 omnes
892 909 1111 964 qualitatis
1144 911 1217 950 aut
1250 909 1540 964 coniecturae,
1582 910 1632 951 de
1664 909 1815 963 quibus

213 979 318 1020 satis
351 979 510 1020 dictum
543 979 740 1020 arbitror.
1414 968 1416 970 ’
1640 979 1650 981 1

325 1046 423 1088 VII.
480 1047 722 1089 Proximum
761 1049 826 1088 est
864 1046 914 1087 de
954 1045 1162 1101 legibus
1202 1047 1494 1087 contrariis
1526 1046 1684 1100 dicere,
1717 1045 1815 1101 quia

212 1115 325 1156 inter
356 1116 493 1156 omnis
526 1116 681 1157 artium
712 1116 940 1170 scriptores
973 1114 1191 1168 constitit,
1231 1114 1277 1155 in
1310 1114 1546 1156 antinomia
1584 1114 1686 1155 duos
1726 1116 1814 1155 e‘sse

213 1183 360 1237 scripti
392 1186 433 1225 et
464 1184 701 1225 uoluntatis
733 1185 893 1238 status,
927 1197 1064 1237 neque
1095 1181 1317 1236 inmerito,
1350 1182 1468 1237 quia,
1505 1197 1597 1224 eum
1629 1182 1696 1223 lex
1728 1182 1814 1237 legi
1834 1196 1864 1221 15

213 1252 374 1307 obstat,
418 1255 460 1294 et
498 1252 709 1307 utrimque
751 1254 898 1293 contra
938 1250 1145 1305 scriptum
1184 1250 1338 1291 dicitur
1370 1253 1413 1291 et
1447 1251 1638 1305 quaestio
1669 1252 1733 1292 est
1764 1250 1814 1292 de

213 1321 433 1362 uoluntate
464 1321 510 1362 111
541 1323 738 1375 utraque:
770 1320 812 1361 id
845 1319 1090 1375 ambigitur,
1123 1334 1178 1360 an
1200 1319 1345 1373 utique
1376 1319 1450 1360 illa
1482 1319 1576 1374 lege
1608 1319 1664 1360 sit
1694 1321 1814 1360 uten-

173 1388 326 1432 2dum.
370 1389 566 1430 omnibus
598 1391 740 1430 autem
772 1388 1049 1429 manifestum
1081 1389 1146 1428 est
1174 1401 1407 1441 numquam
1439 1401 1528 1428 esse
1558 1386 1698 1442 legem
1728 1386 1814 1442 legi

215 1457 471 1497 contrariam
502 1458 592 1498 iure
623 1458 729 1512 ipso,
763 1457 876 1512 quia,
911 1456 945 1497 si
967 1456 1180 1497 diuersum
1210 1455 1275 1496 ius
1308 1457 1432 1510 esset,
1468 1455 1648 1496 alterum
1680 1454 1813 1496 altero

214 1525 506 1580 abrogaretur,
540 1525 613 1566 sed
645 1540 715 1566 eas
748 1540 847 1566 casu
880 1524 1021 1566 collidi
1052 1526 1094 1565 et
1126 1525 1293 1564 euentu.
1831 1537 1863 1561 20

327 1593 594 1635 Colliduntur
614 1596 755 1635 autem
787 1595 859 1634 aut
879 1607 1002 1648 pares
1024 1593 1137 1633 inter
1158 1606 1214 1646 se,
1247 1594 1295 1632 ut
1316 1591 1350 1632 si
1372 1592 1488 1646 optio
1518 1590 1814 1647 tyrannicidae

214 1664 256 1702 et
307 1662 387 1702 uiri
437 1663 560 1704 fortis
606 1665 926 1717 comparentur,
979 1661 1147 1715 utrique
1194 1659 1293 1700 data
1338 1660 1449 1714 quod
1494 1660 1597 1701 uelit
1641 1659 1813 1714 petendi
1931 1653 1934 1700 Ι

174 1735 198 1775 3
213 1731 447 1784 potestate:
498 1730 566 1772 hic
605 1731 874 1784 meritorum,
914 1728 1138 1784 temporis,
1176 1729 1355 1782 praemii
1394 1728 1578 1769 conlatio
1618 1729 1702 1769 est:
1743 1728 1816 1769 aut

214 1813 356 1839 56611111
377 1799 510 1853 ipsae,
544 1801 590 1839 ut
613 1799 789 1839 duorum
809 1798 1000 1851 fortium,
1025 1797 1202 1838 duorum
1222 1796 1605 1851 tyrannicidarum,
1641 1800 1813 1837 duarum

214 1869 453 1921 raptarum,
488 1867 533 1907 111
564 1867 716 1922 quibus
748 1881 837 1907 non
868 1868 1009 1920 potest
1040 1880 1129 1907 esse
1162 1865 1245 1906 alia
1277 1865 1466 1919 quaestio
1498 1879 1621 1919 quani
1654 1865 1814 1917 tempo-
1833 1875 1864 1901 25

214 1935 285 1989 ris,
318 1937 413 1976 utra
444 1936 559 1989 prior
580 1935 648 1989 sit,
681 1937 754 1976 aut
774 1934 1008 1989 qualitatis,
1042 1936 1138 1975 utra
1169 1934 1320 1974 iustior
1343 1933 1399 1974 sit
1419 1933 1584 1987 petitio.
1623 1932 1813 1973 diuersae

306 2064 324 2093 ‘2
352 2064 523 2093 testantis
549 2063 607 2093 AS
633 2061 680 2104 (is
706 2062 735 2092 A
760 2063 792 2093 in
812 2059 916 2104 ras.):
945 2064 1126 2094 testantes
1154 2062 1223 2091 GM
1316 2060 1347 2091 is
1373 2061 1484 2090 MSa:
1512 2059 1568 2090 his
1586 2060 1649 2090 AG
1742 2068 1812 2089 non
1926 2066 1929 2095 1

216 2113 301 2139 nato
327 2109 442 2139 AMS:
470 2109 658 2139 nominato
685 2109 711 2138 G
735 2126 738 2129 ·
828 2109 847 2138 2³,
873 2107 940 2138 hoc
967 2119 1027 2139 om.
1056 2108 1109 2138 ST
1227 2106 1260 2136 id
1288 2107 1363 2137 edd.
1392 2110 1472 2139 aet!⁴
1499 2105 1559 2136 1116
1584 2105 1718 2136 AGMS

215 2155 234 2184 <i
263 2157 460 2195 appareret
486 2155 556 2184 GS:
586 2157 740 2195 apparet
765 2154 804 2193 A,
834 2154 1022 2194 apperiret
1047 2154 1082 2182 M
1177 2151 1353 2182 uoluisset
1379 2151 1447 2181 GM
1542 2152 1561 2182 5
1585 2151 1754 2182 sestertia
1772 2149 1811 2188 A,

215 2199 373 2229 sfitereia
399 2210 419 2229 a
446 2198 524 2239 (sie)
551 2200 588 2239 G,
615 2199 797 2230 sextcreia
822 2200 885 2228 MS
979 2207 1160 2229 nummum
1186 2197 1214 2227 A
1239 2199 1272 2228 in
1297 2208 1368 2230 ras,
1393 2208 1431 2229 m.
1447 2198 1479 2236 2,
1507 2196 1666 2227 uicinum
1693 2197 1728 2225 M

216 2246 235 2275 (3
262 2248 523 2275 ‘restanusntuin
551 2256 611 2275 om.
637 2246 688 2275 ST
806 2244 870 2275 sub
899 2244 1035 2285 legatis
1061 2243 1255 2274 sexterciis
1280 2243 1315 2272 M
1431 2241 1590 2282 pondere
1615 2241 1697 2280 AG,
1724 2250 1812 2282 pon<

217 2290 304 2322 (lora
329 2299 360 2325 a,
388 2301 454 2331 que
481 2291 542 2320 MS
636 2291 655 2320 8
682 2289 766 2329 quia
791 2290 837 2320 A:
865 2290 925 2330 qni
953 2290 990 2330 G,
1018 2299 1086 2329 que
1105 2289 1168 2318 MS
1263 2287 1376 2328 legali
1397 2287 1582 2328 Spalding:
1609 2286 1712 2326 legiti
1737 2286 1809 2324 AG,

217 2336 307 2376 legit
334 2336 364 2371 S,
393 2335 505 2376 legito
531 2346 560 2371 a,
589 2347 650 2367 om.
676 2336 723 2376 M,
752 2335 877 2375 legato
904 2343 923 2369 ς
1018 2333 1199 2365 inauditus
1226 2336 1305 2364 crat
1329 2333 1369 2370 A,
1398 2332 1626 2363 inanditerat
1644 2332 1681 2371 G,
1708 2332 1812 2362 inau-

216 2381 302 2412 ditis
329 2384 408 2412 erat
433 2382 479 2421 M,
507 2381 650 2412 inaudit
675 2391 738 2412 era
764 2381 782 2410 S
883 2384 918 2412 et
944 2390 981 2411 a:
1008 2391 1070 2412 om.
1097 2380 1233 2409 AGMS
1350 2380 1368 2409 9
1395 2381 1494 2409 statu
1519 2378 1673 2408 AGMS:
1702 2377 1809 2408 etiam

216 2430 315 2458 statu
342 2428 417 2458 edd.
445 2431 525 2457 nect.
646 2427 683 2457 11
712 2427 786 2457 onis
812 2426 887 2466 AG,
915 2427 1030 2457 omnis
1055 2427 1074 2455 S
1185 2425 1396 2455 coiecturae
1422 2423 1529 2453 AGM
1648 2424 1686 2453 12
1712 2421 1809 2452 dictu

216 2473 315 2502 AMS
344 2473 385 2512 (A
413 2473 430 2502 ἦ
459 2474 490 2503 in
516 2474 617 2508 ras-J:
645 2472 753 2502 dictis
779 2472 805 2501 G
918 2476 996 2512 post
1023 2470 1180 2501 arbitror
1207 2474 1258 2501 est
1281 2470 1312 2499 in
1338 2479 1359 2499 a
1385 2471 1495 2500 titulus
1523 2469 1642 2509 Leges
1670 2470 1809 2499 contra—

217 2519 305 2557 riae,
333 2519 366 2548 in
391 2519 426 2547 Μ
452 2517 506 2548 De
534 2517 677 2557 legibus
704 2517 899 2547 contrariis
1029 2518 1069 2547 14
1094 2515 1285 2556 scriptoris
1309 2513 1349 2544 A¹
1470 2513 1635 2544 constitit
1659 2513 1704 2542 A:
1731 2521 1811 2543 con-

217 2564 314 2594 sistit
340 2564 452 2602 GMS,
481 2565 628 2593 constat
655 2563 776 2602 li'egsz'us
802 2567 905 2599 ret-te,
933 2562 997 2593 nisi
1022 2560 1225 2598 constiterit
1247 2560 1512 2601 praeferendum
1539 2563 1599 2596 est,
1632 2559 1675 2598 ‘'s-
1695 2559 1723 2594 6,
1744 2559 1773 2593 1,
1791 2557 1810 2587 8

312 2610 350 2639 16
377 2608 510 2649 obstat,
539 2611 575 2638 et
602 2619 679 2638 mas:
708 2608 829 2638 obstet
854 2607 942 2646 libri,
969 2608 1031 2638 sed
1054 2605 1133 2637 A¹G
1158 2609 1265 2644 ostet,
1292 2606 1310 2635 S
1336 2604 1458 2635 obstet
1484 2608 1519 2635 et
1617 2603 1658 2634 de
1686 2601 1809 2634 uolun-

218 2657 315 2685 tato:
345 2655 380 2684 in
406 2657 559 2694 utraque
589 2654 622 2684 1(1
648 2655 755 2693 mdffl),
782 2654 906 2683 rectius
931 2653 1143 2693 inter-panarii
1169 2652 1281 2682 Cleri-56
1399 2651 1438 2680 17
1465 2650 1518 2680 ita
1546 2648 1626 2689 loge
1652 2649 1671 2677 S
1772 2648 1809 2677 1‘.)

219 2700 367 2730 iusisset
391 2700 430 2731 A,
460 2699 626 2729 ins-sisset
653 2699 719 2738 GS,
748 2698 896 2729 inssiset
920 2699 967 2737 M,
994 2708 1052 2728 em.
1082 2698 1204 2737 lie-qius
1297 2697 1340 2727 20
1366 2695 1606 2735 obrogaretur
1631 2693 1729 2722 GMS

218 2747 255 2774 21
287 2747 325 2774 ut
350 2755 385 2774 a:
415 2748 478 2775 aut
502 2745 638 2774 AGMS
732 2744 949 2783 tyrannicae
975 2743 1063 2781 A'G,
1093 2741 1284 2783 tyrannica
1309 2741 1328 2770 S
1427 2742 1469 2771 ²23
1496 2739 1633 2779 proemi
1658 2739 1721 2768 AG

220 2794 274 2819 est
300 2802 359 2821 0711.
385 2790 424 2819 A'
521 2791 562 2820 24
590 2790 666 2830 ipse
692 2788 798 2819 A¹GS
892 2789 1199 2827 tyrannicidarum
1217 2787 1257 2826 A,
1285 2784 1557 2825 tyrannidaruni
1578 2784 1630 2813 GS
1724 2782 1810 2813 dua-

219 2845 294 2865 rnni
321 2836 454 2865 mlrlz'rlit
482 2835 603 2875 Hessius
697 2836 738 2865 25
765 2833 938 2874 raptarini
966 2833 1043 2863 A’G
1137 2834 1179 2863 ’26
1205 2834 1291 2873 utrav
1312 2830 1383 2859 AS:
1411 2829 1508 2859 intra
1535 2828 1570 2866 G,
1599 2828 1676 2858 iura
1702 2829 1737 2857 M

219 2885 281 2909 :int
309 2880 498 2920 qualitatis
527 2885 607 2910 ntra
634 2879 761 2910 iustior
786 2880 814 2909 A
839 2884 873 2910 nl
899 2880 984 2912 coni.
1014 2879 1135 2918 li'eyitts
1167 2877 1244 2917 (sed
1268 2880 1316 2905 esc
1344 2877 1406 2904 aut
1437 2879 1470 2904 et
1501 2874 1630 2903 iustior
1656 2874 1688 2903 in
1712 2873 1740 2902 A
1765 2882 1810 2904 ea:

218 2932 346 2963 ‹nn-td:
386 2935 430 2955 :111
457 2925 648 2965 qualitatis
675 2928 756 2955 ntra
782 2925 958 2955 iustorum
987 2922 1150 2961 (istorum
1179 2921 1212 2960 S)
1240 2921 1308 2955 Gs,
1344 2929 1386 2949 :in
1421 2918 1581 2959 qualitas
1614 2919 1692 2949 inra
1726 2919 1809 2948 isto-

220 2979 292 2999 rnin
323 2971 355 2998 M
