1987 3212
294 88 375 129 194
811 97 1101 135 QUINTILIANI
1134 97 1250 127 INs'r.
1286 98 1360 128 on.

292 201 542 254 centiam,
583 214 709 254 quam
740 200 1110 252 μεγαλοπρέπειαν
1142 201 1319 254 uocant,
1360 213 1467 254 quae
1496 213 1633 254 neque
1663 199 1709 241 in
1740 213 1885 241 omnes

294 282 441 309 causas
474 267 587 309 cadit
619 269 633 322 (
638 283 737 309 nam
770 267 869 322 quid
899 267 940 308 in
949 304 957 308 ..
965 267 1177 322 plerisque
1198 267 1365 309 iudiciis
1387 267 1568 323 priuatis
1590 267 1640 309 de
1663 269 1778 309 certa
1800 282 1885 309 cre—

294 336 403 390 dita,
453 336 591 377 locato
631 339 673 378 et
712 336 939 390 conducto,
987 336 1226 378 interdictis
1265 335 1422 377 habere
1459 335 1540 377 loci
1579 338 1720 389 potest
1758 351 1885 391 supra

289 404 459 445 modum
491 419 534 446 se
564 404 721 446 tollens
753 403 888 445 oratio
900 403 961 460 P),
994 408 1143 459 neque
1161 394 1328 458 semper
1358 406 1422 445 est
1451 403 1581 458 utilis,
1614 406 1663 445 ut
1692 404 1761 445 uel
1790 419 1883 459 pro-

220 473 274 514 62
290 472 403 514 ximo
446 473 637 529 exemplo
680 472 917 513 Miloniano
957 474 1091 527 patet.
1156 474 1198 513 et
1239 472 1556 513 meminerimus
1598 472 1753 513 multas
1795 487 1884 514 esse
1904 487 1915 501 f

291 555 462 595 causas,
502 542 548 582 in
579 541 731 596 quibus
764 540 1075 595 confitendum,
1118 541 1422 594 excusandum,
1461 540 1798 581 submittendum
1830 540 1886 581 sit

289 609 398 664 quod
430 609 700 664 exponimus:
739 609 892 664 quibus
930 609 1126 650 omnibus
1165 608 1304 650 aliena
1343 610 1405 650 est
1434 608 1509 649 illa
1538 608 1885 663 magnificentiae

291 677 438 719 uirtus.
506 692 635 733 quare
682 692 768 719 non
814 678 951 732 magis
996 677 1214 732 proprium
1252 676 1510 718 narrationis
1553 679 1616 718 est
1658 676 1884 732 magnifice

288 745 426 787 dicere
458 761 585 801 quam
616 745 930 799 miserabiliter,
963 745 1186 799 inuidiose,
1220 744 1432 800 grauiter,
1466 744 1667 798 dulciter,
1700 745 1883 786 urbane:

288 829 394 868 quae
427 829 521 855 cum
553 829 628 856 suo
659 828 825 869 quoque
854 813 948 855 loco
979 813 1067 855 sint
1096 813 1346 867 laudabilia,
1385 827 1474 854 non
1511 814 1612 854 sunt
1641 812 1740 854 huic
1770 813 1884 868 parti

287 882 457 938 proprie
489 882 717 938 adsignata
749 884 791 924 et
821 882 939 923 uelut
969 882 1125 923 dedita.
1574 935 1577 938 .
1616 888 1618 892 ’

219 953 272 994 63
399 951 480 992 Illa
510 966 675 1007 quoque
705 953 753 992 ut
782 950 1021 992 narrationi
1052 952 1173 1004 apta,
1216 950 1277 991 ita
1317 950 1467 992 ceteris
1498 964 1661 1006 quoque
1691 949 1884 1005 partibus

288 1020 523 1061 communis
555 1022 619 1061 est
656 1020 813 1074 uirtus,
854 1034 981 1074 quam
1012 1018 1272 1060 Theodectes
1312 1018 1412 1060 huic
1441 1018 1516 1060 uni
1546 1018 1715 1072 proprie
1747 1018 1883 1059 dedit:

286 1101 370 1129 non
405 1088 519 1129 enim
549 1087 827 1144 magnificam
856 1087 980 1128 modo
1010 1088 1104 1128 uult
1136 1101 1237 1141 esse,
1269 1101 1416 1128 uerum
1447 1087 1576 1128 etiam
1606 1086 1884 1128 iucundam

287 1156 609 1210 expositionem.
653 1158 755 1197 sunt
774 1156 847 1211 qui
869 1155 1059 1197 adiciant
1079 1155 1145 1196 his
1176 1155 1524 1209 euidentiam,
1559 1169 1664 1209 quae
1687 1151 1883 1206 ἐνάργεια

219 1226 273 1268 64
286 1238 439 1279 graece
470 1227 660 1266 uocatur.
712 1239 850 1279 neque
882 1238 962 1279 ego
993 1238 1247 1278 quemquam
1268 1224 1520 1278 deceperim,
1554 1225 1602 1264 ut
1623 1222 1883 1264 dissimulem

288 1292 479 1334 Ciceroni
514 1307 678 1348 quoque
708 1292 851 1347 plures
882 1294 1025 1347 partes
1056 1292 1239 1347 placere.
1299 1306 1400 1333 nam
1438 1293 1737 1345 praeterquam
1774 1291 1883 1346 pla-

286 1375 401 1401 nam
433 1363 484 1402 et
514 1361 727 1402 breuem
759 1363 809 1401 et
841 1360 1150 1402 credibilem
1182 1360 1276 1401 uult
1307 1374 1397 1401 esse
1429 1359 1750 1413 euidentem,
1783 1374 1883 1400 mo-

286 1432 453 1470 ratam
500 1444 610 1470 cum
650 1429 939 1484 dignitate.
1008 1429 1080 1470 sed
1110 1428 1155 1469 in
1187 1427 1379 1469 oratione
1409 1429 1575 1468 morata
1606 1427 1763 1468 debent
1793 1441 1883 1469 esse

286 1497 429 1539 omnia
461 1512 554 1539 cum
594 1497 825 1552 dignitate,
866 1512 974 1552 quae
1012 1498 1227 1552 poterunt.
1288 1496 1503 1537 euidentia
1539 1496 1586 1536 in
1624 1496 1882 1549 narratione,

286 1568 494 1621 quantum
525 1580 604 1622 ego
635 1566 855 1621 intellego,
890 1567 954 1606 est
984 1565 1153 1620 quidem
1183 1579 1343 1620 magna
1372 1564 1522 1618 uirtus,
1557 1578 1650 1605 cum
1673 1564 1772 1618 quid
1793 1564 1883 1605 ueri

286 1649 373 1676 non
406 1634 658 1689 dicendum,
705 1635 777 1676 sed
817 1633 1126 1689 quodammodo
1169 1633 1297 1674 etiam
1335 1632 1643 1674 ostendendum
1683 1634 1767 1687 est,
1810 1632 1882 1673 sed

287 1703 422 1745 subici
452 1702 748 1758 perspicuitati
780 1704 941 1757 potest:
982 1716 1108 1756 quam
1147 1701 1317 1756 quidam
1356 1701 1485 1742 etiam
1526 1701 1782 1742 contrariam
1819 1701 1882 1742 in-

286 1772 410 1813 terim
442 1773 719 1826 putauerunt,
762 1770 861 1825 quia
892 1770 937 1811 in
969 1770 1219 1824 quibusdam
1251 1770 1390 1811 causis
1429 1769 1694 1810 obscuranda
1725 1769 1882 1810 ueritas

218 1842 271 1884 65
285 1842 409 1895 esset,
443 1840 553 1894 quod
585 1841 649 1881 est
680 1838 917 1880 ridiculum.
969 1853 1070 1879 nam
1102 1838 1171 1892 qui
1203 1838 1429 1879 obscurare
1460 1837 1564 1891 uult,
1597 1839 1746 1878 narrat
1773 1837 1882 1879 falsa

285 1922 363 1962 pro
394 1908 506 1949 ueris
517 1941 527 1962 ,
563 1910 605 1948 et
634 1908 679 1948 in
711 1908 784 1961 iis,
818 1922 925 1961 quae
957 1908 1125 1961 narrat,
1168 1906 1294 1948 debet
1324 1906 1538 1960 laborare,
1578 1908 1626 1947 ut
1655 1905 1882 1947 uideantur

286 1990 413 2031 quam
445 1976 778 2017 euidentissima.

217 2047 271 2089 66
399 2044 457 2085 Et
495 2046 705 2100 quatenus
744 2043 873 2085 etiam
910 2044 1022 2085 forte
1062 2043 1244 2098 quadam
1281 2043 1552 2098 peruenimus
1584 2042 1635 2083 ad
1666 2042 1880 2084 difficilius

288 2113 584 2154 narrationum
616 2127 772 2167 genus,
813 2113 898 2153 iam
930 2112 980 2152 de
1011 2112 1063 2153 iis
1093 2111 1337 2166 loquamur,
1377 2111 1420 2152 in
1453 2110 1605 2166 quibus
1635 2124 1701 2152 res
1734 2116 1880 2152 contra

285 2195 362 2221 nos
394 2181 493 2222 erit:
534 2196 615 2235 quo
647 2181 739 2222 loco
770 2180 966 2222 nonnulli
998 2180 1350 2234 praetereundam
1387 2179 1675 2220 narrationem
1706 2181 1880 2233 putaue-

379 2277 431 2308 17.
457 2275 547 2316 Top.
574 2276 628 2313 26,
656 2276 710 2306 97.

378 2355 393 2385 1
421 2363 724 2386 ΜΕΓΑΛΟΠΡΕΠΙΑΝ
750 2354 812 2384 AB
929 2355 948 2384 2
976 2353 1096 2384 caedit
1120 2354 1173 2394 Bg
1198 2357 1274 2385 ante
1299 2364 1369 2386 ras.
1486 2352 1617 2383 iudicis
1642 2352 1667 2383 B
1772 2351 1814 2383 de
1841 2362 1878 2383 re

287 2402 390 2431 certa
417 2399 557 2431 credita
584 2400 708 2432 locata
735 2403 771 2429 ct
797 2398 975 2430 conducta
1001 2400 1037 2436 b3
1065 2401 1181 2439 ef.12‚
1204 2402 1253 2439 10,
1274 2401 1314 2429 70
1398 2400 1419 2429 4
1444 2402 1483 2429 ut
1509 2398 1567 2429 uel
1584 2398 1625 2429 B:
1652 2397 1754 2429 uelut
1776 2398 1833 2428 Ab

284 2447 304 2478 5
329 2444 556 2477 Milonianac
582 2445 724 2477 malebat
743 2444 908 2485 Spalding
1002 2445 1020 2475 6
1046 2444 1343 2476 summittendum
1361 2445 1423 2475 AB
1519 2445 1559 2475 10
1584 2453 1648 2475 suo
1675 2438 1877 2485 quoq'ueA:

287 2501 426 2532 quoquc
445 2492 483 2531 B,
510 2502 573 2522 suo
591 2492 624 2531 b,
651 2501 715 2521 suo
742 2499 907 2531 quaeque
935 2498 967 2529 ς,
994 2490 1039 2530 ef.
1059 2492 1091 2527 2,
1115 2492 1164 2527 10,
1186 2491 1227 2521 15
1322 2491 1360 2521 11
1389 2490 1580 2531 assignata
1596 2490 1625 2520 A
1718 2492 1754 2521 et
1778 2488 1879 2520 uelut

285 2538 358 2567 Ab:
388 2541 442 2567 est
467 2538 492 2568 B
587 2536 714 2568 debita
740 2536 899 2577 Roiynius
925 2534 972 2575 (in
999 2536 1051 2567 ed.
1080 2537 1184 2575 1541)
1210 2540 1242 2567 ct
1267 2536 1319 2570 ed,
1348 2536 1475 2576 Gryplz.
1501 2533 1623 2576 (1544)
1724 2536 1764 2565 12
1792 2544 1876 2575 quo-

285 2592 354 2622 que
382 2600 421 2603 —
449 2582 615 2623 partibus
641 2593 702 2614 om.
730 2582 782 2612 'rb
877 2581 928 2612 ita
955 2581 1089 2612 ceteris
1115 2591 1258 2622 quoquc
1275 2579 1320 2612 A:
1349 2581 1473 2621 itaque
1500 2581 1634 2611 ceteris
1651 2581 1688 2620 B,
1717 2580 1770 2610 ita
1797 2589 1876 2611 cum

286 2629 420 2659 ceteris
446 2630 498 2662 ed,
523 2628 616 2660 dens,
643 2633 675 2658 et
700 2635 720 2661 ς
838 2627 878 2658 13
904 2626 1118 2657 theodectcs
1144 2628 1182 2657 b:
1209 2626 1423 2657 thcodoctes
1448 2626 1515 2665 Ba,
1542 2625 1734 2656 tliodoctes
1758 2625 1787 2655 A

285 2675 454 2714 propriae
481 2674 518 2713 B,
546 2673 727 2714 propriam
754 2672 920 2703 Francius
1038 2674 1078 2703 15
1105 2673 1165 2713 qui
1189 2672 1282 2703 adici
1299 2672 1353 2702 mt
1377 2672 1404 2702 A
1537 2668 1707 2711 ἐνάργεια
1735 2671 1875 2712 Ιί(’9ἰιι3.·

288 2728 433 2750 εΝεΡΠΑ
461 2720 501 2759 A,
528 2728 659 2749 Al‘slAA
685 2719 710 2748 Β
805 2718 844 2748 16
871 2727 979 2758 grace
1006 2717 1031 2747 B
1143 2718 1182 2747 18
1208 2717 1356 2749 breuem
1384 2722 1420 2747 ct
1443 2717 1515 2746 Ba:
1543 2716 1688 2747 breuem
1714 2716 1743 2746 A
1768 2721 1802 2747 ut
1827 2717 1875 2746 ui—

286 2766 385 2796 detur
493 2765 698 2795 cuidcntcm
724 2764 780 2793 Ab
806 2763 928 2804 (privat
958 2774 974 2793 c
1000 2763 1029 2792 A
1054 2764 1086 2794 z'rz
1110 2761 1218 2802 7·a.s·.).·
1244 2763 1427 2793 uidentem
1453 2762 1479 2791 B
1595 2765 1770 2793 moratam
1797 2771 1876 2792 cum

285 2809 465 2849 dignitate
493 2814 658 2841 ornatam
684 2810 740 2839 Ab
836 2810 876 2839 19
902 2808 1067 2839 oratioue
1095 2811 1233 2839 morato
1258 2808 1283 2838 B
1377 2809 1418 2838 20
1445 2817 1537 2847 quac
1563 2807 1615 2837 Bn
1641 2818 1769 2849 qnoque
1797 2809 1876 2846 (non

286 2855 370 2895 qua)
476 2856 517 2886 22
545 2865 614 2886 non
641 2854 744 2885 modo
772 2853 839 2884 dic.
866 2855 972 2884 malim
1066 2854 1127 2885 sed
1154 2872 1195 2875 »φ
1221 2852 1482 2885 ostendendum
1508 2863 1568 2883 om.
1592 2852 1618 2882 B
1711 2854 1753 2884 25
1781 2854 1878 2884 esset

286 2900 359 2930 Ab:
390 2904 443 2930 cst
468 2901 493 2930 B
586 2902 628 2931 2ss
655 2904 691 2930 ct
718 2900 752 2930 in
778 2899 832 2929 his
861 2909 951 2940 quae
977 2903 1102 2930 narrat
1127 2899 1201 2929 Ab:
1230 2901 1264 2929 in
1292 2908 1362 2938 qua
1387 2898 1423 2938 B,
1450 2898 1488 2928 in
1515 2907 1583 2939 quo
1609 2899 1662 2933 ed,
1688 2898 1800 2930 Stoer.

286 2948 326 2974 ’.ἐκ
355 2950 390 2974 υἱ,
417 2947 487 2975 Ab:
517 2946 578 2976 scd
605 2947 640 2981 B,
667 2946 711 2985 (γ’,
733 2949 762 2977 5),
785 2948 813 2981 2¹,
834 2948 874 2975 3¹1
968 2945 1062 2974 forto
1089 2956 1150 2975 om.
1177 2946 1196 2974 b
1289 2945 1330 2975 29
1358 2943 1412 2974 his
1437 2944 1493 2974 Ab

1903 496 1918 512 -J

1904 828 1936 852 10

1903 1169 1934 1194 15

1901 1510 1934 1535 20

1901 1852 1932 1877 25

1899 2192 1932 2218 30
