1939 3180
186 126 271 168 340
710 133 1000 173 QUINTILIANI
1032 132 1151 163 msr.
1185 132 1260 162 on.

187 238 403 280 inuenies:
436 252 543 293 quae
574 236 657 278 nisi
689 236 802 278 domi
825 235 1077 290 excusseris,
1110 235 1155 276 in
1175 234 1269 276 foro
1297 233 1523 288 inopinata
1554 232 1783 287 decipient,

187 307 365 361 plusque
396 306 615 347 nocebunt
636 305 842 346 destituta
863 319 990 360 quam
1011 319 1098 346 non
1120 303 1329 359 promissa
1352 302 1614 343 nocuissent.
1653 300 1787 341 multa

188 376 338 430 etiam,
377 389 484 430 quae
514 374 708 429 litigator
737 373 846 415 nihil
885 374 937 414 ad
969 387 1140 415 causam
1179 371 1394 427 pertinere
1427 369 1673 424 crediderit,
1715 383 1786 423 pa-

186 446 336 485 tronus
369 444 500 498 eruet,
533 442 658 484 modo
688 457 764 498 per
795 442 955 496 omnis,
989 456 1092 496 quos
1122 440 1395 493 tradidimus,
1438 439 1788 493 argumentorum

122 512 174 552 14
186 512 300 554 locos
332 514 415 554 eat.
478 526 581 567 quos
612 514 660 553 ut
691 511 1046 565 circumspectare
1076 501 1335 565 i'nagendo⁵
1353 509 1396 548 et
1417 506 1682 560 adtemptare
1704 505 1788 546 sin·
1807 512 1823 538 5

188 581 310 636 gulos
355 580 531 622 minime
576 580 779 622 conuenit
818 580 994 635 propter
1043 593 1147 633 quas
1198 576 1381 618 diximus
1424 589 1593 629 causas,
1640 573 1702 615 ita
1742 574 1788 614 in

189 649 390 691 discendo
421 649 567 690 rimari
598 649 886 691 necessarium
918 650 1003 702 est,
1044 660 1152 702 quae
1184 659 1410 701 personae,
1451 658 1558 699 quae
1595 644 1790 698 tempora

189 719 232 759 et
263 718 377 772 loca,
416 717 641 773 instituta,
682 718 993 770 instrumenta,
1035 717 1196 769 cetera,
1215 764 1218 765 ⁷
1238 729 1288 755 ex
1319 713 1472 768 quibus
1503 726 1591 753 non
1620 712 1790 752 tantum

187 786 314 841 illud,
356 786 465 841 quod
499 788 562 828 est
594 786 818 827 artificiale
850 784 1116 840 probationis
1147 797 1304 838 genus,
1345 781 1489 836 colligi
1519 779 1676 835 possit,
1718 778 1790 820 sed

189 855 259 910 qui
291 854 510 896 metuendi
541 857 693 909 testes,
732 868 814 909 quo
844 854 969 895 modo
1010 853 1097 894 sint
1133 850 1370 893 refellendi.
1432 864 1532 890 nam
1562 847 1791 903 plurimum
1809 854 1842 879 10

189 923 337 978 refert,
370 923 533 964 inuidia
564 938 660 964 reus
692 938 747 964 an
779 922 874 964 odio
907 937 958 963 an
995 921 1244 975 contemptu
1275 919 1461 972 laboret,
1495 931 1671 972 quorum
1701 916 1791 958 fere

189 1006 288 1046 pars
320 992 457 1046 prima
489 991 740 1046 superiores,
773 991 968 1046 proxima
999 1004 1145 1045 pares,
1185 988 1315 1030 tertia
1344 986 1591 1030 humiliores
1621 985 1790 1040 premit.

124 1060 176 1102 15
191 1060 252 1102 sic
293 1075 465 1102 causam
505 1061 818 1115 perscrutatus,
858 1058 1089 1115 propositis
1130 1059 1231 1099 ante
1268 1056 1411 1098 oculos
1450 1055 1646 1096 omnibus
1684 1068 1792 1108 quae

189 1129 358 1184 prosint
388 1131 641 1183 noceantne,
674 1128 846 1170 tertiam
879 1128 1080 1182 deinceps
1110 1140 1337 1181 personam
1367 1125 1517 1166 induat
1544 1123 1694 1164 iudicis
1715 1122 1792 1163 fin-

191 1200 350 1253 gatque
383 1198 494 1252 apud
526 1212 569 1239 30
602 1197 672 1252 agi
705 1211 877 1238 causam
909 1198 971 1250 et,
1012 1195 1123 1251 quod
1161 1195 1301 1250 ipsum
1331 1192 1536 1235 mouisset
1567 1191 1616 1233 de
1649 1191 1793 1233 eadem
1812 1195 1844 1220 15

192 1281 237 1307 re
270 1266 664 1320 pronuntiaturum,
695 1266 738 1306 id
769 1264 1129 1320 potentissimum,
1163 1263 1274 1318 apud
1296 1274 1604 1317 quemcumque
1626 1261 1801 1315 agetur,

192 1334 421 1376 existimet.
474 1335 535 1375 sic
566 1349 660 1375 eum
691 1349 788 1375 raro
819 1333 942 1375 fallet
973 1335 1164 1386 euentus,
1199 1333 1273 1372 aut
1305 1331 1429 1385 culpa
1459 1329 1609 1370 iudicis
1641 1328 1735 1370 erit.

306 1402 382 1443 IX.
445 1402 561 1451 Quae
594 1403 681 1444 sint
711 1404 756 1443 in
789 1402 955 1457 agendo
978 1401 1203 1454 seruanda,
1237 1401 1328 1441 1010
1348 1399 1438 1440 fere
1459 1412 1585 1453 opere
1607 1396 1794 1438 exsecuti

193 1486 352 1524 sumus,
394 1486 533 1526 pauca
564 1473 707 1512 tamen
742 1471 915 1526 propria
945 1469 1070 1511 huius
1101 1469 1206 1524 loci,
1248 1483 1356 1523 quae
1387 1481 1474 1508 non
1504 1469 1595 1508 tam
1626 1464 1794 1506 dicendi

194 1541 286 1580 arte
319 1554 446 1594 quam
478 1540 630 1581 officiis
672 1540 841 1595 agentis
882 1538 1177 1593 continentur,
1219 1536 1446 1591 attingam.
1515 1536 1614 1576 ante
1652 1533 1795 1575 omnia
1814 1536 1846 1561 20

193 1622 269 1662 ne,
310 1607 420 1662 quod
459 1608 671 1663 plerisque
711 1608 887 1662 accidit,
929 1608 983 1648 ab
1020 1606 1209 1651 utilitate
1249 1619 1342 1646 eum
1375 1618 1527 1645 causae
1558 1602 1796 1657 praesentis

156 1676 351 1730 2cupido
390 1676 529 1718 laudis
572 1677 768 1718 abducat.
837 1691 936 1716 nam
983 1678 1030 1716 ut
1068 1674 1317 1730 gerentibus
1356 1672 1468 1714 bella
1505 1685 1592 1712 11011
1630 1684 1797 1725 semper

195 1745 408 1785 exercitus
440 1759 516 1799 per
547 1745 678 1799 plana
710 1747 752 1785 et
784 1758 962 1785 amoena
994 1742 1210 1784 ducendus
1250 1743 1334 1796 est,
1377 1740 1447 1782 sed
1489 1739 1671 1780 adeundi
1710 1739 1796 1793 ple-

195 1828 372 1867 rumque
404 1813 543 1867 asperi
577 1813 725 1867 colles,
759 1811 1073 1867 expugnandae
1105 1811 1299 1852 ciuitates
1331 1808 1564 1864 quamlibet
1593 1806 1796 1861 praecisis

196 1881 410 1935 inpositae
441 1881 617 1935 rupibus
650 1883 723 1922 aut
754 1895 928 1936 operum
959 1880 1069 1921 mole
1100 1878 1311 1932 difficiles,
1346 1877 1406 1918 ita
1438 1876 1572 1917 oratio
1594 1874 1797 1930 gaudebit
1815 1878 1848 1902 25

196 1949 365 2004 quidem
398 1950 619 1991 occasione
650 1950 804 1991 laetius
836 1948 1086 1991 decurrendi
1128 1949 1170 1989 et
1207 1961 1341 2001 aequo
1381 1958 1609 1999 congressa
1649 1957 1796 1997 campo

157 2020 183 2059 3
198 2019 310 2058 totas
342 2017 455 2058 uires
486 2018 750 2073 populariter
772 2018 1026 2072 explicabit:
1059 2018 1104 2057 at
1133 2016 1167 2057 si
1189 2015 1292 2056 iuris
1315 2014 1535 2055 anfractus
1557 2013 1631 2052 aut
1652 2025 1797 2052 eruen-

197 2087 275 2127 dae
308 2086 504 2127 ueritatis
543 2087 731 2128 latebras
772 2087 888 2127 adire
928 2087 1124 2140 cogetur,
1164 2098 1252 2125 non
1291 2080 1558 2136 obequitabit
1594 2094 1674 2120 nec
1713 2078 1797 2120 illis

197 2154 468 2195 uibrantibus
502 2155 812 2209 concitatisque
844 2154 1071 2196 sententiis
1102 2152 1221 2194 uelut
1250 2149 1482 2192 missilibus
1520 2149 1684 2201 utetur,
1726 2147 1798 2188 sed

198 2223 396 2278 operibus
435 2225 478 2263 et
518 2223 723 2265 cuniculis
763 2225 805 2263 et
845 2222 1011 2264 insidiis
1053 2224 1094 2263 et
1133 2220 1310 2262 occultis
1350 2217 1512 2259 artibus
1544 2230 1633 2257 rem
1664 2217 1796 2270 geret.
1817 2219 1849 2244 30

158 2293 306 2346 4quae
337 2291 481 2332 omnia
511 2307 598 2333 non
630 2292 728 2332 dum
760 2291 869 2332 fiunt
898 2290 1141 2343 laudantur,
1176 2288 1247 2330 sed
1281 2301 1375 2328 cum
1403 2286 1520 2326 facta
1541 2285 1654 2338 sunt,
1686 2283 1799 2324 unde

292 2399 308 2428 1
337 2407 430 2438 quae
459 2397 494 2427 in
521 2396 625 2427 domo
651 2397 686 2426 M
780 2395 985 2426 excesseris
1009 2395 1029 2425 b
1124 2396 1143 2423 *2
1171 2392 1353 2424 docebunt
1378 2393 1398 2422 b
1498 2389 1673 2420 destituto
1698 2387 1799 2419 Butt-

199 2455 296 2474 mmm
319 2443 547 2483 probabiliter
641 2443 660 2474 3
688 2451 781 2481 quae
808 2451 869 2474 om.
890 2441 933 2472 M.
1019 2436 1187 2481 litigator
1204 2439 1255 2469 M:
1283 2437 1457 2479 diligator
1475 2436 1500 2466 B
1593 2435 1612 2464 4
1640 2434 1797 2464 eruetb:

201 2492 324 2520 seruet
350 2489 420 2519 ΒΜ
514 2497 638 2518 01111103
663 2488 729 2521 Μς
824 2496 915 2526 quos
940 2486 992 2525 Bg
1016 2495 1107 2519 corr,
1135 2495 1180 2516 em
1207 2484 1286 2525 quis
1379 2481 1557 2512 tradimus
1574 2480 1653 2516 ΒΜ,
1680 2489 1739 2510 em.
1767 2480 1801 2509 in

201 2536 278 2567 edd.
306 2539 385 2565 nell.
481 2534 501 2564 5
528 2533 833 2573 circumspectare
860 2530 1024 2572 singulos
1049 2531 1069 2560 b
1165 2531 1349 2560 attentare
1375 2529 1440 2561 Μς
1548 2526 1568 2556 6
1594 2527 1741 2566 praeter
1765 2525 1800 2553 Μ

294 2580 346 2610 ita
372 2579 459 2609 BM:
487 2578 534 2609 sit
560 2579 579 2608 b
674 2580 691 2609 7
719 2587 813 2617 quae
839 2586 1017 2618 personae
1045 2587 1107 2608 om.
1125 2576 1160 2605 M
1254 2575 1273 2605 8
1300 2575 1336 2605 et
1352 2574 1403 2604 M:
1432 2574 1448 2603 ἱ·
1466 2572 1503 2612 Β,
1530 2581 1590 2603 0722.
1610 2571 1641 2610 b,
1667 2579 1761 2610 quac
1780 2577 1800 2602 ς

293 2625 395 2655 locus
420 2626 440 2655 b
537 2626 660 2655 cetera
679 2624 764 2655 BM:
793 2626 989 2662 ceteraque
1017 2630 1037 2657 ς
1062 2622 1195 2652 ineerta
1220 2620 1424 2651 mcetoritate
1520 2618 1557 2647 11
1586 2614 1708 2646 inuide
1734 2615 1754 2644 b

206 2672 244 2701 123
270 2669 385 2701 oculis
410 2671 430 2701 b
528 2670 568 2700 16
595 2678 857 2710 quemcumque
883 2668 921 2698 b:
949 2676 1127 2708 quemque
1153 2666 1223 2696 ΒΜ
1317 2665 1357 2696 17
1385 2664 1438 2695 sic
1464 2664 1503 2694 b:
1531 2665 1568 2693 et
1594 2661 1644 2692 sic
1670 2661 1738 2690 BM

203 2715 309 2747 fellet
327 2716 379 2755 Bg
405 2717 423 2746 1
438 2726 477 2746 m.
576 2715 654 2746 erit.
682 2714 811 2752 QVAE
831 2713 881 2744 IN
900 2711 1115 2744 AGENDIS
1133 2712 1172 2751 B,
1201 2711 1280 2741 crit.
1308 2710 1412 2749 Quae
1432 2706 1614 2740 seruanda
1634 2706 1670 2736 in
1688 2714 1798 2745 agen-

203 2761 258 2792 ‹lis
286 2761 408 2791 causis
434 2760 571 2791 oratori
599 2760 670 2791 sint
695 2761 730 2789 M
826 2759 866 2789 18
893 2758 1037 2800 agenda
1062 2758 1082 2788 b
1177 2766 1287 2798 opere
1315 2764 1482 2786 exsumus
1508 2754 1528 2783 b
1622 2752 1665 2782 20
1691 2760 1801 2791 agen·

202 2807 250 2838 tis
278 2806 440 2838 Obrecht:
469 2805 621 2847 agendis
646 2806 684 2845 B,
712 2803 846 2845 agendi
872 2804 906 2833 M
1044 2804 1085 2833 21
1114 2802 1158 2833 ab
1185 2813 1247 2835 om,
1273 2802 1293 2832 b
1409 2800 1451 2830 ‘22
1479 2797 1640 2829 obducat
1665 2796 1685 2826 b

204 2855 245 2883 23
271 2852 436 2893 plerique
463 2852 497 2881 M
614 2852 657 2882 ‘24
682 2850 844 2881 ciuitatis
871 2850 891 2880 b
1008 2849 1050 2879 26
1076 2847 1188 2879 latius
1213 2848 1249 2877 M
1355 2849 1391 2876 et
1416 2853 1532 2889 exquo
1557 2843 1609 2881 Bg
1636 2843 1709 2874 Im.

204 2899 244 2928 27
273 2897 493 2928 crudiendae
520 2898 540 2927 b
634 2898 677 2928 ‘29
703 2895 882 2927 sententis
907 2895 933 2925 B
1043 2895 1085 2925 30
1112 2891 1289 2924 cuniculis
1315 2892 1351 2921 b:
1378 2887 1555 2921 cunicolis
1579 2887 1618 2926 B,
1647 2886 1799 2917 admini-

206 2942 295 2971 culis
322 2944 356 2972 M
452 2946 487 2972 et
513 2942 641 2973 insidis
667 2942 704 2982 B,
732 2941 794 2972 sed
821 2940 965 2972 insidiis
991 2940 1023 2979 b,
1050 2949 1110 2970 om.
1136 2939 1171 2967 M
1243 2938 1388 2978 regeret
1412 2936 1432 2965 b
1526 2934 1566 2964 :21
1597 2931 1687 2964 fidus:
1712 2932 1801 2962 fiunt

204 2987 253 3017 Bn
279 2992 311 3017 el
339 2989 408 3017 Im.
436 2988 488 3026 Bg
