1939 3228
804 123 847 153 x.
895 120 1125 166 5,10—19.
1616 144 1619 147 >
1679 114 1763 157 243

167 228 379 278 exercent,
411 226 483 267 sed
516 226 645 267 etiam
678 241 769 267 cum
795 229 860 267 est
891 212 1208 268 consummatus
1231 242 1280 268 ac
1310 227 1397 268 iam
1425 227 1470 269 in
1491 228 1583 270 foro
1606 229 1764 272 clarus:

167 295 296 336 alitur
334 295 448 345 enim
487 295 614 348 atque
653 294 849 336 enitescit
896 294 1013 336 uelut
1056 295 1212 349 pabulo
1258 296 1435 338 laetiore
1481 296 1685 339 facundia
1723 300 1765 339 et

167 363 343 404 adsidua
376 362 699 405 contentionum
731 363 963 417 asperitate
993 362 1179 418 fatigata
1209 366 1454 406 renouatur.
1507 369 1766 421 quapropter
1783 368 1833 409 15

164 431 368 473 historiae
407 445 730 485 nonnumquam
768 432 941 472 ubertas
980 431 1024 471 in
1065 431 1207 486 aliqua
1247 433 1471 474 exercendi
1510 434 1598 475 stili
1642 437 1764 489 parte

130 515 146 540 5
166 500 364 555 ponenda
396 502 439 541 et
469 498 735 554 dialogorum
755 499 954 539 libertate
976 500 1259 553 gestiendum.
1301 516 1355 542 ne
1377 502 1565 543 carmine
1596 503 1765 558 quidem

114 857 147 881 10

114 1879 146 1904 25

166 568 310 609 ludere
358 567 619 610 contrarium
664 567 814 621 fuerit,
868 567 978 608 sicut
1024 567 1234 622 athletae,
1285 570 1463 611 remissa
1513 571 1767 626 quibusdam

166 636 428 690 temporibus
462 636 652 677 ciborum
684 638 810 689 atque
842 635 1197 677 exercitationum
1231 640 1345 678 certa
1375 639 1645 694 necessitate,
1679 640 1765 682 otio

168 706 210 745 et
239 704 558 746 iucundioribus
591 703 725 758 epulis
756 704 1020 745 reficiuntur.
1063 704 1239 760 ideoque
1268 706 1374 747 mihi
1396 707 1564 748 uidetur
1585 707 1644 750 M.
1668 708 1766 749 Tul·
1784 710 1833 750 16

165 772 246 813 lius
283 775 453 813 tantum
498 771 696 829 intulisse¹
731 771 998 827 eloquentiae
1042 772 1207 826 lumen,
1254 775 1363 828 quod
1402 776 1447 816 in
1485 775 1561 817 hos
1603 791 1766 833 quoque

167 840 399 881 studiorum
432 855 621 882 secessus
661 841 860 882 excurrit.
922 856 1021 881 nam
1062 841 1096 882 si
1139 842 1261 883 nobis
1301 843 1389 884 sola
1428 845 1608 886 materia
1638 846 1768 887 fuerit

166 923 216 949 ex
246 908 414 962 litibus,
456 923 630 949 necesse
662 910 726 949 est
757 909 974 950 deteratur
1012 909 1156 964 fulgor
1187 912 1229 951 et
1260 911 1458 953 durescat
1488 913 1691 955 articulus
1724 916 1766 956 et

165 976 256 1030 ipse
287 976 359 1017 ille
391 991 536 1017 mucro
567 976 733 1031 ingenii
766 977 982 1018 cotidiana
1012 993 1160 1033 pugna
1190 979 1458 1022 retundatur.

280 1044 362 1086 Sed
401 1045 755 1099 quemadmodum
794 1046 1035 1087 forensibus
1076 1047 1379 1089 certaminibus
1427 1051 1682 1092 exercitatos
1726 1054 1768 1093 et
1784 1054 1833 1095 17

166 1112 286 1167 quasi
318 1113 547 1154 militantis
579 1114 717 1155 reficit
748 1128 796 1155 ac
818 1117 991 1168 reparat
1022 1114 1127 1156 haec
1158 1115 1276 1156 uelut
1307 1117 1459 1171 sagina
1491 1118 1672 1173 dicendi,
1707 1120 1766 1162 sic

167 1181 459 1223 adulescentes
490 1196 577 1223 non
610 1182 766 1223 debent
787 1182 966 1223 nimium
987 1183 1032 1224 in
1064 1183 1173 1224 falsa
1195 1198 1334 1225 rerum
1366 1186 1554 1241 imagine
1586 1187 1766 1230 detineri

167 1252 208 1290 et
237 1250 441 1291 inanibus
471 1265 511 1291 se
542 1250 779 1291 simulacris
812 1266 942 1305 usque
975 1251 1101 1305 adeo,
1135 1254 1183 1293 ut
1214 1253 1402 1294 difficilis
1435 1255 1487 1295 ab
1519 1255 1585 1297 his
1607 1257 1766 1312 digres-

166 1332 236 1359 sus
274 1319 350 1372 sit,
393 1318 686 1373 adsuefacere,
726 1333 780 1360 ne
820 1319 873 1359 ab
912 1319 1007 1372 illa,
1051 1319 1095 1360 in
1135 1336 1217 1375 qua
1256 1336 1387 1376 prope
1435 1328 1763 1380 consenuerunt,

165 1387 316 1427 umbra
346 1401 448 1428 uera
479 1387 727 1428 discrimina
759 1387 874 1428 uelut
907 1387 1117 1442 quendam
1149 1388 1280 1429 solem
1311 1390 1604 1434 reformident.
1657 1395 1766 1449 quod
1785 1396 1834 1438 18

167 1455 372 1496 accidisse
405 1455 533 1496 etiam
560 1455 711 1497 Porcio
733 1456 924 1509 Latroni,
959 1456 1029 1510 qui
1061 1456 1221 1510 primus
1255 1458 1357 1499 clari
1388 1461 1575 1502 nominis
1606 1463 1766 1516 profes-

114 1540 128 1562 «ε
166 1538 234 1564 sor
272 1523 375 1577 fuit,
414 1523 619 1577 traditur,
666 1527 736 1578 ut,
784 1539 877 1565 cum
917 1525 954 1565 ei
1001 1540 1208 1566 summam
1247 1527 1292 1567 in
1333 1528 1487 1569 scholis
1520 1529 1765 1584 opinionem

166 1591 381 1645 optinenti
414 1606 539 1632 causa
570 1593 614 1633 in
646 1592 739 1633 foro
771 1595 881 1633 esset
913 1593 1094 1646 oranda,
1128 1594 1307 1649 inpense
1338 1597 1532 1652 petierit,
1576 1600 1637 1639 uti
1670 1600 1765 1641 sub-

166 1659 287 1700 sellia
325 1659 370 1700 in
408 1659 631 1701 basilicam
670 1660 1022 1702 transferrentur.
1084 1662 1144 1702 ita
1176 1662 1238 1704 illi
1279 1665 1443 1705 caelum
1478 1681 1637 1708 nouum
1667 1668 1764 1722 fuit,

168 1730 214 1768 ut
244 1728 381 1768 omnis
414 1728 503 1769 eius
535 1728 778 1783 eloquentia
811 1729 1021 1770 contineri
1052 1732 1166 1771 tecto
1198 1746 1247 1772 ac
1278 1733 1513 1786 parietibus
1536 1735 1764 1778 uideretur.

166 1810 295 1850 quare
326 1796 508 1849 iuuenis,
541 1797 611 1849 qui
644 1797 855 1838 rationem
886 1797 1135 1840 inueniendi
1168 1800 1475 1856 eloquendique
1508 1818 1531 1844 a
1562 1808 1833 1860 praecep-19

165 1863 327 1904 toribus
359 1864 590 1919 diligenter
621 1866 834 1919 acceperit
867 1865 995 1921 (quod
1026 1882 1114 1908 non
1146 1871 1210 1909 est
1242 1869 1401 1910 infiniti
1432 1872 1591 1927 operis,
1629 1873 1664 1914 si
1696 1874 1765 1915 do-

168 1947 260 1973 cere
299 1933 438 1974 sciant
478 1935 520 1974 et
558 1933 732 1988 uelint),
780 1935 1131 1976 exercitationem
1177 1951 1343 1992 quoque
1388 1940 1597 1981 modicam
1636 1941 1767 1983 fuerit

169 2003 435 2054 consecutus,
469 2004 679 2043 oratorem
712 2002 791 2043 sibi
825 2002 1021 2058 aliquem,
1055 2005 1165 2059 quod
1191 2006 1304 2060 apud
1334 2007 1515 2049 maiores
1548 2009 1639 2050 fieri
1661 2009 1765 2051 sole-

165 2069 260 2123 bat,
301 2069 482 2124 deligat,
523 2085 647 2124 quem
688 2073 908 2125 sequatur,
952 2087 1075 2126 quem
1116 2073 1330 2116 imitetur:
1381 2076 1549 2117 iudiciis
1595 2078 1766 2120 intersit

165 2152 291 2191 quam
322 2137 518 2191 plurimis
551 2141 594 2179 et
624 2139 680 2179 sit
713 2140 979 2193 certaminis,
1015 2141 1080 2181 cui
1113 2141 1373 2197 destinatur,
1415 2144 1616 2199 frequens
1648 2161 1766 2201 spec-

261 2291 271 2318 1
303 2292 451 2319 exercet
475 2289 496 2319 b
602 2288 664 2319 sed
692 2289 803 2319 etiam
830 2291 1086 2321 consummatis
1113 2301 1156 2321 ac
1183 2292 1206 2324 i.
1234 2293 1255 2324 i.
1286 2293 1309 2323 f.
1338 2293 1448 2324 claris
1473 2295 1618 2327 Meister
1641 2298 1765 2337 partim

165 2346 234 2364 eum
260 2336 298 2373 Τ,
325 2335 381 2375 qui
405 2345 450 2364 eir
475 2345 565 2365 carr.
594 2335 856 2365 consummatis
881 2340 914 2366 et
939 2335 1048 2366 claris
1075 2337 1174 2367 habet
1268 2339 1286 2368 2
1314 2339 1475 2370 aliterM
1568 2344 1587 2373 3
1613 2342 1764 2374 assidua

165 2380 378 2409 concionum
405 2379 439 2408 M
532 2380 552 2409 4
579 2384 683 2420 parte
710 2390 828 2411 exerc.
857 2380 934 2411 stili
960 2382 995 2410 M
1096 2383 1113 2413 7
1142 2385 1251 2422 atque
1278 2384 1359 2414 Mb:
1385 2395 1447 2417 om.
1473 2386 1499 2416 B
1594 2391 1695 2418 certa
1719 2388 1763 2418 B:

166 2434 253 2454 cura
277 2425 312 2454 M
409 2426 429 2456 8
455 2424 573 2465 epulis
598 2425 684 2455 BM:
713 2425 836 2456 etullis
862 2427 894 2466 b,
921 2427 996 2457 hinc
1020 2427 1044 2457 Τ
1070 2438 1159 2458 corr.
1187 2429 1320 2459 eduliis
1440 2433 1479 2461 10
1505 2433 1688 2463 secessius
1711 2433 1766 2473 Bg

258 2470 295 2499 11
324 2469 467 2500 deterat
492 2471 540 2509 M,
567 2470 795 2501 detereretur
819 2471 839 2501 b
933 2471 1107 2503 durascat
1130 2474 1150 2504 b
1248 2477 1286 2505 12
1314 2475 1438 2516 ingeni
1462 2476 1488 2506 B
1582 2483 1766 2519 pugnaret

165 2513 347 2545 nudantur
372 2516 392 2545 b
534 2517 572 2546 13
599 2517 779 2547 excitatos
803 2517 846 2557 B,
880 2517 1086 2549 excitantes
1112 2519 1164 2558 M,
1199 2530 1288 2551 corr.
1317 2522 1349 2551 in
1375 2522 1450 2554 eocl.
1478 2522 1559 2553 Par.
1586 2525 1604 2553 1
1724 2526 1764 2555 14

166 2570 255 2601 quas
280 2561 301 2591 b
394 2560 588 2591 militantis
613 2562 691 2592 Mb:
719 2561 921 2593 militantes
946 2563 1001 2597 Βς
1095 2565 1229 2595 refecit
1254 2566 1288 2595 M
1382 2567 1488 2608 signa
1514 2568 1651 2599 dicenti
1677 2570 1712 2599 Μ

166 2607 207 2637 15
234 2605 440 2637 alescentes
467 2606 565 2637 falsa
591 2604 723 2645 (mediis
741 2608 818 2648 om.)
844 2608 865 2638 b
961 2609 999 2639 16
1025 2620 1063 2640 se
1089 2611 1223 2641 addidit
1241 2612 1426 2643 frotscher
1518 2613 1710 2646 difficilius
1727 2616 1764 2645 Μ

257 2653 296 2683 17
323 2662 538 2682 assuescere
559 2652 687 2693 Zumpt,
713 2652 899 2684 assuefieri
920 2654 1104 2686 Pleilana'er
1198 2660 1419 2688 consuerunt
1441 2658 1521 2697 BM,
1551 2661 1764 2692 consuerint

163 2697 196 2736 b,
224 2698 483 2728 consenuerint
501 2698 624 2737 Regius
643 2703 675 2728 et
693 2706 713 2732 ς
809 2700 848 2730 18
875 2699 1014 2740 umbra]
1037 2701 1150 2732 uerba
1167 2702 1203 2731 M
1296 2702 1452 2743 quedam
1469 2705 1489 2734 b
1585 2706 1625 2736 19
1651 2706 1764 2737 etiam

164 2742 199 2772 in
226 2743 343 2783 portio
368 2743 407 2782 b,
440 2744 526 2774 unde
553 2743 718 2785 Spalding]
743 2745 828 2775 coni.
858 2745 967 2775 etiam
994 2745 1042 2776 M.
1068 2746 1199 2778 Porcio
1336 2749 1523 2789 professus
1558 2750 1626 2781 fuit
1650 2751 1762 2782 tradi-

164 2791 222 2818 tus
248 2788 268 2818 b
361 2790 402 2819 21
430 2789 597 2830 optinent
622 2789 657 2818 M
751 2789 929 2830 inpensae
955 2791 981 2821 B
1093 2792 1135 2822 ‘22
1160 2793 1432 2824 transferentur
1449 2795 1486 2834 B,
1513 2796 1765 2828 tranferentur

164 2833 227 2862 Mb
343 2834 385 2865 23
411 2838 448 2864 ut
475 2835 590 2866 omnis
618 2834 650 2864 ei
675 2835 722 2873 M,
749 2845 810 2866 om.
837 2835 857 2865 b
973 2838 1015 2867 25
1043 2836 1175 2868 infiniti
1202 2838 1238 2868 b:
1273 2838 1364 2869 finiti
1390 2840 1460 2870 BM
1575 2842 1618 2872 ‘26
1644 2842 1764 2874 uelint

164 2877 243 2908 Mb:
271 2878 369 2909 uelin
394 2879 420 2909 B
532 2880 802 2911 execrationem
828 2881 882 2920 Bg
914 2883 984 2912 Im.
1012 2889 1046 2913 vt
1072 2883 1206 2914 uidetur·
1321 2886 1363 2916 ‘29
1390 2894 1496 2925 quam
1525 2885 1691 2927 plurimis
1717 2888 1760 2921 B:

165 2933 197 2963 q.
222 2922 385 2963 pluribus
410 2926 461 2965 M,
495 2936 597 2966 quem
625 2926 825 2956 immitetm·
850 2927 888 2966 b,
923 2938 1019 2968 quam
1050 2928 1224 2960 lectionem
1256 2931 1365 2962 alieno
1397 2934 1470 2963 loco
1495 2935 1763 2976 super-scriptam

162 2978 236 2999 esse
262 2975 409 3010 apparet

1424 3034 1488 3064 16*
