1939 3228
817 137 860 165 x.
896 133 929 177 2,
953 132 1122 163 12—-23,
1687 121 1766 163 231

174 240 359 295 antiquis
399 254 442 281 se
483 253 605 293 pares
645 238 842 292 credunt,
891 237 959 292 qui
1003 239 1150 279 carent
1189 236 1306 279 cultu
1354 237 1479 291 atque
1525 234 1765 289 sententiis,

174 309 309 351 Attici
341 307 524 360 scilicet,
563 306 635 361 qui
664 305 869 361 praecisis
909 305 1251 347 conclusionibus
1290 303 1480 357 obscuri,
1521 303 1770 346 Sallustium

174 379 300 432 atque
332 375 623 430 Thucydidem
654 376 879 429 superant,
921 373 1063 415 tristes
1103 388 1151 415 ac
1190 373 1322 415 ieiuni
1353 372 1591 414 Pollionem
1630 386 1769 413 aemu-

175 447 338 499 lantur,
379 444 503 486 otiosi
541 445 584 485 et
614 442 777 497 supini,
819 442 854 483 si
895 441 995 496 quid
1026 442 1149 483 modo
1180 441 1349 497 longius
1383 439 1769 494 circumduxerunt,

104 527 120 559 11
139 530 153 553 5
173 515 318 555 iurant
348 513 408 554 ita
440 512 687 555 Ciceronem
717 510 958 552 locuturum
993 510 1138 551 fuisse.
1201 523 1403 550 noueram
1435 508 1659 563 quosdam,
1700 507 1772 562 qui
1788 506 1839 549 18

174 597 217 623 se
254 581 431 636 pulchre
471 580 727 635 expressisse
766 593 902 634 genus
949 577 1055 619 illud
1100 577 1294 619 caelestis
1333 577 1457 617 huius
1501 578 1548 618 in
1593 575 1772 617 dicendo

175 650 252 691 uiri
294 649 373 690 sibi
413 649 681 701 uiderentur,
723 647 758 688 si
789 647 834 688 in
875 646 1062 687 clausula
1093 645 1336 700 posuissent
1367 659 1479 686 esse
1510 644 1769 685 uideatur.

175 717 275 773 erg‘o
305 717 490 772 primum
523 722 607 769 est,
648 718 694 756 ut
725 715 835 770 quod
868 715 1108 755 imitaturus
1141 715 1205 754 est
1242 713 1418 767 quisque
1457 711 1683 767 intellegat
1714 713 1769 765 et,

174 801 303 841 quare
335 786 493 827 bonum
525 784 592 837 sit,
631 785 750 837 sciat.

104 869 154 901 ἔω
289 853 397 894 Tum
427 853 474 894 in
514 851 784 906 suscipiendo
816 865 941 892 onere
976 850 1169 892 consulat
1200 865 1296 893 suas
1328 849 1454 890 uires.
1516 863 1616 890 nam
1648 849 1841 903 quae-19

174 923 270 963 dam
302 923 403 962 sunt
432 920 674 973 imitabilia,
708 920 860 974 quibus
893 921 964 960 aut
995 918 1222 959 infirmitas
1255 919 1435 959 naturae
1465 931 1552 958 non
1585 916 1773 959 sufficiat

174 993 247 1031 aut
277 989 502 1031 diuersitas
534 990 758 1042 repugnet.
803 1003 870 1041 116,
906 979 973 1028 6111
1002 989 1131 1027 tenue
1167 986 1391 1041 ingenium
1422 985 1514 1036 erit,
1549 985 1636 1041 sola
1668 985 1773 1027 uelit

173 1058 302 1100 fortia
335 1060 375 1099 et
407 1057 600 1111 abrupta,
636 1057 701 1097 cui
732 1056 843 1097 forte
875 1056 1058 1110 quidem,
1093 1055 1164 1096 sed
1196 1054 1466 1107 indomitum,
1502 1068 1643 1096 amore
1675 1069 1769 1109 sup-

174 1127 343 1168 tilitatis
386 1127 428 1167 et
466 1125 551 1166 uim
597 1139 716 1165 suam
762 1124 914 1178 perdat
960 1125 1002 1165 et
1048 1124 1310 1178 elegantiam
1354 1137 1481 1177 quani
1528 1123 1645 1177 cupit
1684 1136 1771 1163 non

104 1209 154 1242 515
174 1196 470 1250 persequatur:
503 1193 610 1234 nihil
643 1195 706 1234 est
736 1193 850 1233 6111111
873 1194 961 1232 tam
984 1192 1198 1245 indecens,
1232 1206 1360 1246 quam
1383 1206 1476 1232 cum
1507 1190 1651 1232 mollia
1672 1190 1773 1232 dure

175 1265 296 1305 fiunt.
360 1264 486 1316 atque
528 1276 605 1316 ego
644 1261 706 1302 illi
753 1260 1042 1315 praeceptori,
1090 1275 1214 1314 quem
1258 1260 1531 1301 institueram
1576 1259 1622 1300 in
1665 1258 1774 1300 libro
1788 1259 1844 1300 20

174 1331 379 1385 secundo,
423 1330 580 1372 credidi
620 1344 705 1370 non
746 1344 795 1370 ea
835 1328 923 1369 sola
964 1329 1155 1370 docenda
1194 1342 1306 1381 esse,
1346 1328 1399 1369 ad
1430 1342 1535 1383 quae
1566 1341 1773 1382 quemque

174 1399 477 1454 discipulorum
520 1400 674 1439 natura
722 1397 1003 1452 compositum
1042 1397 1228 1438 uideret:
1281 1412 1379 1437 nam
1419 1396 1453 1437 is
1493 1398 1534 1437 et
1573 1395 1773 1436 adiuuare

176 1469 320 1521 debet,
359 1481 463 1522 quae
505 1466 549 1507 in
589 1480 752 1520 quoque
785 1480 928 1506 eorum
959 1465 1128 1506 inuenit
1159 1464 1292 1518 bona,
1335 1466 1396 1518 et,
1436 1466 1643 1519 quantum
1681 1463 1773 1505 fieri

104 1538 335 1591 1202potest,
378 1535 544 1576 adicere
582 1524 691 1589 quae
728 1534 881 1574 desunt
919 1536 960 1574 et
1000 1533 1224 1574 emendare
1264 1532 1472 1588 quaedam
1512 1534 1554 1574 et
1586 1534 1773 1573 mutare:

177 1607 312 1646 rector
352 1604 464 1644 6111111
505 1604 569 1643 est
608 1602 841 1643 alienorum
881 1601 1151 1657 ingeniorum
1186 1603 1311 1655 atque
1341 1601 1559 1642 formator.
1623 1600 1775 1642 diffici-

174 1673 254 1714 lius
286 1674 350 1713 est
380 1673 579 1712 naturam
603 1685 721 1712 suam
744 1670 920 1725 fingere.
964 1669 1036 1711 sed
1068 1669 1214 1710 1161116
1244 1669 1413 1724 quidem
1436 1669 1594 1723 doctor,
1629 1669 1837 1723 quam-21

175 1756 302 1796 quam
333 1739 475 1781 omnia
505 1754 611 1794 quae
643 1740 757 1780 recta
789 1741 889 1780 sunt
920 1738 1023 1779 uelit
1055 1752 1143 1779 esse
1174 1738 1219 1778 111
1251 1737 1335 1778 51115
1359 1737 1621 1779 auditoribus
1644 1752 1771 1792 quam

174 1808 435 1863 plenissima,
468 1807 513 1848 in
545 1822 592 1848 60
624 1808 782 1861 tamen,
818 1807 883 1848 cui
916 1809 1113 1847 naturam
1145 1806 1313 1846 obstare
1344 1806 1511 1859 uiderit,
1542 1805 1772 1847 laborabit.

124 1893 155 1917 25
288 1876 336 1917 Id
367 1890 530 1931 quoque
562 1875 798 1929 uitandum,
832 1876 877 1917 in
909 1890 990 1930 quo
1023 1889 1181 1930 magna
1213 1889 1310 1928 pars
1342 1876 1477 1928 errat,
1519 1887 1572 1914 ne
1604 1873 1649 1914 in
1681 1887 1773 1914 ora-

175 1946 290 1987 tione
329 1946 476 1999 poetas
513 1943 636 1985 nobis
676 1946 718 1984 et
754 1942 999 1997 historicos,
1039 1944 1083 1984 111
1128 1943 1208 1984 illis
1248 1942 1445 1997 operibus
1477 1943 1665 1983 oratores
1698 1943 1774 1982 aut

175 2013 479 2055 declamatores
510 2012 739 2053 imitandos
771 2015 983 2066 putemus.
1027 2026 1102 2052 sua
1136 2011 1284 2065 cuique
1306 2011 1525 2065 proposita
1556 2010 1637 2064 lex,
1671 2011 1840 2051 51111522

175 2082 301 2123 decor
332 2082 415 2122 est:
449 2095 526 2121 nec
561 2080 776 2121 comoedia
808 2080 853 2120 iu
885 2080 1114 2121 cothurnos
1148 2080 1362 2134 adsurgit,
1396 2093 1474 2120 nec
1508 2080 1657 2119 contra
1688 2080 1773 2119 tra-

175 2149 326 2205 goedia
357 2163 479 2190 socco
510 2148 763 2203 ingreditur.
827 2148 953 2189 habet
993 2150 1137 2189 tamen
1169 2148 1307 2188 omnis
1340 2146 1581 2202 eloquentia
1614 2146 1772 2201 aliquid

124 2234 156 2257 30
177 2232 415 2259 commune:
448 2217 489 2257 id
523 2216 738 2257 imitemur
769 2216 878 2270 quod
911 2230 1133 2257 commune
1165 2217 1240 2256 est.
1295 2215 1425 2256 etiam
1456 2214 1535 2255 hoc
1567 2214 1673 2256 solet
1704 2214 1839 2256 in-23

178 2285 382 2327 commodi
418 2284 607 2325 accidere
639 2284 701 2337 iis,
734 2283 805 2338 qui
838 2299 880 2324 56
912 2284 985 2323 uni
1009 2283 1131 2323 alicui
1166 2282 1315 2337 generi
1346 2282 1610 2336 dediderunt,
1645 2285 1703 2335 ut,
1738 2283 1770 2323 si

270 2437 281 2465 l
313 2434 373 2475 qui
398 2437 527 2475 parent
553 2434 572 2464 b
666 2434 684 2463 2
713 2433 817 2464 attici
834 2433 876 2464 B:
905 2433 1030 2464 atticis
1048 2433 1122 2472 Mb,
1150 2431 1265 2463 Attici
1290 2436 1373 2464 sunt
1399 2431 1544 2464 scilicet
1562 2431 1727 2473 Spalding

176 2481 238 2522 qui
263 2480 356 2511 obelo
382 2480 511 2510 notauit
537 2479 702 2519 »Spalding
776 2482 855 2519 post
881 2479 1059 2520 praecisis
1084 2479 1118 2509 in
1135 2479 1170 2508 M
1195 2478 1299 2510 uerba
1326 2478 1537 2518 compositis
1563 2475 1599 2518 (ἢ
1611 2479 1770 2517 17exc'r.)

178 2536 280 2568 usque
306 2526 353 2557 ad
377 2524 556 2566 praecisis
582 2526 728 2565 repetita
753 2529 831 2555 sunt
923 2526 942 2555 3
970 2535 1011 2555 ac
1039 2523 1143 2554 ieiuli
1167 2524 1187 2554 b
1288 2522 1468 2564 polionem
1494 2522 1521 2553 Β
1614 2523 1633 2554 5
1660 2522 1770 2563 quod-

176 2571 258 2603 dam
285 2572 305 2602 b
399 2571 416 2602 7
443 2569 475 2600 si
500 2580 560 2601 om.
590 2570 610 2599 b
703 2569 912 2610 posuissent
936 2570 972 2600 b:
1000 2569 1207 2610 potuissent
1231 2569 1301 2599 ΒΜ
1393 2569 1413 2600 8
1440 2568 1532 2609 quod
1559 2579 1620 2600 om.
1645 2569 1682 2598 M

179 2619 218 2649 10
244 2626 330 2648 suas
356 2615 471 2646 scires
496 2616 516 2646 b
629 2616 664 2645 11
694 2614 929 2646 inimitabilia
956 2616 1038 2648 ἄρα.
1155 2613 1295 2645 sufficit
1321 2624 1367 2644 an
1393 2613 1590 2645 diuersitas
1615 2614 1637 2644 b
1731 2614 1772 2645 13

177 2662 235 2693 cui
264 2662 358 2693 forte
383 2662 434 2691 M:
462 2660 521 2701 qui
549 2660 643 2691 forte
668 2660 693 2690 B
799 2659 1039 2691 sublimitatis
1066 2663 1103 2691 et
1129 2659 1199 2690 uim
1226 2670 1254 2692 5.
1280 2659 1409 2700 perdet
1432 2659 1468 2689 Μ
1585 2659 1624 2690 15
1651 2668 1771 2700 perse-

177 2712 312 2748 quatur
336 2707 421 2737 BM:
449 2708 669 2746 assequatur
694 2707 746 2737 ed.
776 2705 845 2737 Col.
875 2707 966 2737 1530·
1082 2706 1122 2736 16
1149 2705 1251 2746 atqui
1276 2706 1361 2736 coni.
1389 2704 1556 2745 Spalding)
1663 2704 1770 2735 insti-

179 2757 317 2784 tueram
342 2752 385 2783 B:
413 2751 649 2782 instituebani
675 2752 739 2782 Mb
859 2753 897 2782 17
925 2751 1025 2782 credi
1049 2752 1081 2789 b,
1108 2749 1244 2782 tradidi
1271 2751 1352 2781 dett.
1448 2747 1639 2791 quemque]
1667 2759 1771 2790 quem

176 2799 220 2837 M,
250 2797 361 2843 (1115,ss
457 2798 496 2829 18
524 2807 606 2827 nam
632 2807 693 2829 om,
719 2797 751 2835 b,
778 2806 861 2827 nain
890 2799 926 2828 et
951 2796 1018 2838 hys
1042 2797 1078 2826 Μ
1174 2797 1212 2827 19
1240 2795 1375 2826 debent
1398 2796 1418 2826 b
1518 2796 1561 2826 24
1585 2797 1709 2826 tamen
1733 2794 1771 2825 hi

178 2843 237 2883 (cx
263 2843 330 2883 si?)
358 2842 417 2874 cui
440 2843 461 2873 b
555 2843 597 2873 ‘25
624 2839 709 2884 quo]
738 2842 825 2881 quid
849 2842 870 2872 b
964 2843 1004 2873 27
1032 2844 1094 2872 tua
1119 2842 1140 2872 b
1233 2840 1421 2882 proposita
1446 2841 1498 2871 M:
1525 2839 1726 2882 propositio
1744 2840 1771 2870 B

268 2898 352 2919 suus
377 2887 419 2919 B:
448 2897 533 2919 suus
560 2888 689 2928 cuique
708 2888 801 2921 Mbg
895 2887 936 2918 28
962 2890 997 2917 in
1024 2889 1194 2918 coturnos
1212 2887 1293 2925 ΒΜ,
1320 2885 1508 2917 cothurnis
1527 2892 1547 2920 ς
1642 2887 1770 2916 contra

178 2933 309 2973 goedia
335 2933 383 2964 Bn
408 2937 441 2964 et
466 2934 539 2966 Im.
565 2933 617 2972 Bg
709 2933 751 2964 29
778 2942 884 2963 socco
902 2932 989 2962 BM:
1017 2931 1138 2963 seculo
1164 2933 1184 2962 b
1278 2941 1402 2962 omnes
1426 2932 1461 2961 M
1554 2932 1596 2962 30
1621 2929 1656 2961 id
1683 2930 1769 2961 BM:

179 2989 238 3011 om.
264 2979 285 3009 b
377 2978 606 3018 incommodi]
635 2978 671 3008 iu
698 2977 864 3010 comedia
888 2979 908 3008 b
1002 2979 1042 3009 31
1071 2978 1123 3009 eis
1151 2977 1211 3018 qui
1236 2978 1282 3015 M,
1311 2977 1387 3008 eius
1414 2977 1493 3018 quis
1519 2977 1539 3007 b
