1939 3228
788 140 886 170 v111.
940 138 973 183 5,
1009 139 1048 169 13
1059 139 1179 172 -25.
1726 136 1779 177 95

305 237 386 279 Sed
408 239 558 279 horum
589 240 757 294 quidem
785 256 991 296 generum
1023 246 1066 284 et
1096 244 1232 285 bonae
1255 244 1336 286 dici
1358 249 1537 300 possunt
1558 249 1599 287 et
1619 248 1777 289 malae:

136 334 142 336 -
191 303 299 345 aliae
331 319 498 360 semper
535 307 735 362 uitiosae,
774 311 822 350 ut
854 325 878 350 a
915 312 1064 353 uerbo:
1114 315 1297 366 patres
1330 314 1654 369 conscripti:
1706 317 1846 358 sic20

191 372 327 413 enim
363 373 729 428 incipiendum
762 379 842 418 est
871 378 1021 433 mihi,
1065 382 1120 420 ut
1159 381 1517 423 memineritis
1556 386 1774 437 patrum.

189 440 306 493 peius
338 441 495 496 adhuc,
537 439 618 497 quo
650 444 785 499 magis
817 445 972 486 falsum
1003 449 1067 487 est
1097 450 1139 488 et
1175 448 1345 503 longius
1383 450 1584 504 petitum,
1629 454 1777 493 contra

153 508 364 548 zeandem
405 524 588 552 sororem
628 511 899 566 gladiatoris,
949 515 1065 556 cuius
1104 516 1226 556 modo
1265 516 1348 557 feci
1386 518 1666 560 mentionem:
1718 521 1776 561 ad

135 856 166 882 10

128 1536 159 1561 20

187 574 414 630 digitum
446 580 697 633 pugnaui.
760 583 824 622 est
855 582 983 622 etiam
1014 584 1183 637 generis
1215 584 1421 638 eiusdem,
1455 586 1597 627 nescio
1629 602 1684 628 an
1714 588 1839 632 ui-21

185 642 480 697 tiosissimum,
529 647 722 700 quotiens
755 649 993 690 uerborum
1040 651 1298 706 ambiguitas
1345 666 1438 693 cum
1482 668 1621 694 rerum
1666 655 1775 696 falsa

186 710 366 764 quadam
405 713 681 756 similitudine
719 716 924 771 iungitur.
988 718 1147 760 clarum
1185 722 1372 761 actorem
1409 721 1575 762 iuuenis
1615 723 1771 777 audiui,

187 792 280 819 cum
318 779 429 820 lecta
468 781 513 822 in
553 783 692 837 capite
739 784 954 826 cuiusdam
993 801 1088 827 ossa
1127 788 1366 829 sententiae
1405 789 1544 843 gratia
1588 792 1773 832 tenenda

184 846 311 887 matri
343 847 547 890 dedisset:
598 850 979 894 infelicissima
1009 855 1227 909 femina,
1261 857 1491 897 nondum
1523 858 1773 901 extulisti

184 913 359 955 filium
392 919 439 957 et
469 917 570 958 iam
602 933 719 959 ossa
750 919 957 975 legisti.
1011 923 1062 964 ad
1093 924 1173 965 hoc
1203 924 1393 979 plerique
1425 926 1612 967 minimis
1643 914 1839 972 etia1i12'2

183 982 520 1026 inuentiunculis
560 986 770 1042 gaudent,
812 1004 919 1043 quae
959 1005 1157 1033 excussae
1196 992 1326 1033 risum
1358 992 1538 1048 habent,
1571 996 1772 1038 inuentae

182 1049 290 1091 facie
329 1053 493 1107 ingenii
531 1053 824 1097 blandiuntur.
887 1057 937 1098 de
969 1073 1037 1113 eo,
1077 1060 1148 1113 qui
1178 1060 1414 1115 naufragus
1446 1064 1488 1102 et
1519 1065 1618 1103 ante
1650 1079 1770 1119 agro-

181 1132 275 1160 rum
307 1120 534 1161 sterilitate
564 1126 742 1164 uexatus
773 1124 819 1165 in
841 1125 995 1167 scholis
1028 1128 1206 1182 fingitur
1237 1144 1280 1169 se
1302 1131 1591 1183 suspendisse:
1624 1147 1770 1186 quem
1783 1137 1837 1178 23

147 1196 348 1241 311eque
379 1190 527 1229 terra
557 1191 752 1245 recipit
781 1207 876 1234 nec
914 1208 1074 1249 mare,
1115 1197 1353 1250 pendeat.
1414 1197 1512 1239 huic
1551 1200 1686 1241 simile
1724 1201 1768 1242 in

180 1253 266 1308 illo,
300 1255 350 1296 de
381 1270 462 1310 quo
494 1272 621 1312 supra
643 1259 742 1313 dixi,
778 1261 845 1301 cui
875 1264 998 1315 pater
1019 1278 1094 1304 sua
1116 1265 1305 1305 membra
1326 1265 1533 1308 laceranti
1555 1282 1767 1310 uenenum

180 1321 314 1364 dedit:
347 1324 433 1378 qui
464 1324 590 1366 haec
622 1327 763 1381 edit,
788 1329 943 1370 debet
973 1330 1067 1372 hoc
1100 1332 1293 1373 bibere.
1343 1336 1384 1374 et
1414 1334 1457 1375 in
1490 1334 1764 1391 luxuriosum,

180 1391 249 1444 qui
281 1391 615 1445 ἀποκαρτέρηειν
648 1396 868 1438 simulasse
900 1398 1074 1440 dicitur:
1117 1403 1274 1442 necte
1305 1401 1572 1457 laqueum,
1605 1404 1766 1447 habes

179 1459 311 1512 quod
349 1460 595 1503 faucibus
634 1464 740 1505 tuis
779 1465 1059 1508 irascaris:
1111 1482 1250 1509 sume
1288 1484 1565 1524 uenenum,
1616 1472 1767 1515 decet

178 1525 512 1570 luxuriosum
544 1530 770 1573 bibendo
803 1534 945 1575 mori.
1009 1534 1091 1575 alia
1122 1551 1255 1590 uana,
1291 1546 1332 1579 ul
1363 1538 1578 1580 suadentis
1608 1556 1764 1596 purpu-
1779 1545 1835 1586 ‘24

177 1595 294 1649 ratis,
317 1598 364 1636 ut
375 1596 667 1640 Alexandrum
685 1599 917 1655 Babylonis
939 1602 1136 1645 incendio
1158 1605 1386 1659 sepeliant:
1410 1607 1765 1651 Alexandrum

177 1663 400 1717 sepelio:
432 1664 527 1707 hoc
557 1668 830 1723 quisquam
871 1672 1139 1724 spectabit
1171 1688 1194 1713 a
1225 1674 1398 1714 tecto?
1436 1677 1554 1729 quasi
1593 1692 1692 1718 uero
1722 1679 1764 1719 id

176 1730 231 1771 sit
260 1731 304 1771 in
325 1746 369 1772 re
400 1734 491 1774 tota
522 1734 881 1790 indignissimum.
925 1739 1007 1780 alia
1038 1741 1185 1795 nimia,
1218 1744 1265 1782 ut
1296 1742 1346 1782 de
1369 1742 1592 1785 Germanis
1624 1746 1764 1787 (licen-

175 1799 261 1838 tem
292 1801 500 1853 quendam
535 1803 696 1844 audiui:
749 1810 909 1860 caput
947 1809 1125 1850 nescio
1166 1810 1253 1850 ubi
1284 1810 1598 1866 inpositum,
1640 1816 1683 1854 et
1713 1815 1762 1855 de

175 1865 266 1907 uiro
297 1868 420 1909 forti:
453 1869 595 1911 bella
627 1873 846 1914 umbone
878 1877 1152 1930 propellit.
1215 1878 1285 1929 sed
1326 1879 1422 1920 finis
1463 1894 1549 1920 non
1589 1883 1687 1935 erit,
1729 1883 1823 1926 siff

1808 1938 1827 1947 x

123 1955 127 1957 ·
175 1933 364 1989 singulas
396 1940 688 1991 corruptorum
718 1956 949 1996 persequar
986 1944 1165 1986 formas:
1204 1946 1309 1987 illud
1347 1948 1508 2001 potius,
1550 1950 1659 2003 quod
1699 1954 1763 1992 est

174 2004 309 2057 magis
340 2006 642 2048 necessarium.

284 2070 404 2113 Duae
435 2076 534 2114 sunt
555 2075 746 2117 diuersae
767 2078 1001 2134 opiniones,
1035 2081 1210 2122 aliorum
1236 2084 1471 2125 sententias
1493 2085 1602 2126 solas
1624 2101 1760 2140 paene

263 2247 279 2275 1
306 2247 342 2275 et
367 2245 490 2277 horum
515 2247 544 2277 A
648 2248 741 2281 bene
766 2250 871 2280 ABM
976 2252 1071 2283 male
1096 2254 1179 2293 AM,
1206 2255 1317 2286 malle
1343 2257 1395 2295 Bg
1510 2259 1529 2288 :2
1555 2258 1652 2289 aliae
1680 2271 1759 2292 nos:

172 2287 259 2320 illae
285 2290 373 2330 libri,
398 2293 460 2322 sed
482 2292 512 2321 A
537 2292 600 2324 illo
626 2304 672 2325 ex
697 2305 786 2328 corr.
904 2297 1063 2329 uitiosae
1090 2303 1130 2330 ut
1155 2301 1299 2341 scripsi:
1325 2302 1482 2333 uitiosae
1511 2307 1573 2334 aut
1597 2304 1675 2343 BM,
1705 2307 1757 2336 ui-

172 2333 262 2365 tiose
288 2337 335 2366 nti
358 2336 470 2368 uerbo
495 2338 536 2378 A,
563 2339 718 2371 uitiosae
745 2342 796 2371 ecl.
823 2341 936 2382 (lamp,
964 2348 995 2373 ct
1021 2351 1041 2377 ς
1134 2346 1153 2375 4
1179 2347 1282 2385 peius
1306 2346 1386 2376 AB:
1411 2357 1476 2388 per
1502 2348 1579 2380 eius
1604 2350 1667 2380 Mb

173 2382 208 2409 et
232 2389 291 2410 om.
317 2379 360 2411 Al
491 2384 510 2413 8
538 2387 697 2416 actorem
726 2385 908 2427 Spaldinyt
935 2392 1095 2419 actorum
1122 2390 1162 2430 A,
1190 2394 1379 2422 auctorem
1404 2394 1476 2426 rell,
1505 2394 1592 2433 libri,
1622 2396 1685 2426 sed
1707 2395 1756 2426 Bn

172 2428 204 2454 et
229 2426 299 2456 Im.
326 2425 378 2465 Bg
405 2431 566 2460 autorem
663 2430 746 2461 audi
771 2432 800 2461 A
921 2434 940 2464 9
966 2433 1063 2465 lecta
1090 2445 1108 2465 e
1137 2436 1258 2475 capite
1285 2438 1337 2467 ed.
1367 2437 1481 2477 Steplz.
1508 2438 1606 2470 lecta
1633 2441 1755 2481 capite

170 2471 242 2500 eod.
274 2471 433 2511 Victoris,
459 2475 546 2504 uncle
570 2477 664 2506 malis·
690 2475 785 2508 lecta
813 2487 834 2507 a
860 2488 889 2508 c.
1007 2479 1164 2510 tenenda}
1188 2481 1300 2519 BgM,
1333 2492 1416 2512 ossa
1442 2499 1484 2504 —
1509 2485 1667 2516 tenenda
1693 2496 1754 2516 om.

170 2514 225 2545 Ab
353 2518 394 2548 10
420 2518 606 2550 dedissent
629 2521 658 2550 A
786 2523 824 2552 11
851 2521 962 2554 filium
990 2525 1101 2555 etiam
1129 2529 1165 2556 et
1190 2526 1260 2556 iam
1286 2527 1315 2556 A
1429 2528 1612 2570 plerisque
1637 2531 1667 2560 A

173 2560 211 2589 12
238 2570 415 2593 excussa*
438 2564 491 2602 Bg
517 2566 586 2596 Im.
694 2568 734 2597 13
761 2568 884 2608 specie
910 2569 1075 2601 francias
1190 2572 1335 2613 ingenio
1360 2573 1396 2601 M
1513 2575 1554 2605 142
1579 2575 1756 2607 sterilita-

170 2607 240 2635 tem
265 2606 294 2635 A
388 2609 428 2639 15
453 2619 569 2650 neque
594 2610 717 2641 ABM:
744 2622 812 2642 nec
838 2621 858 2646 ς
951 2616 1090 2656 recepit
1114 2616 1185 2646 AM
1279 2618 1318 2647 17
1345 2618 1470 2650 uiuere
1495 2620 1547 2659 Bg
1572 2625 1604 2651 et
1629 2623 1700 2654 Im.
1727 2622 1756 2652 A

258 2650 477 2684 luxoriosum
503 2655 533 2684 A
672 2657 711 2688 18
738 2658 975 2698 quiapocarte
1002 2662 1110 2691 resim
1135 2662 1178 2702 B,
1213 2662 1299 2702 quia
1330 2662 1367 2693 in
1401 2668 1555 2704 apoteca
1580 2666 1753 2697 frenesim

169 2693 268 2726 AMb
385 2698 576 2731 simulasse
604 2711 641 2731 se
668 2702 748 2741 Mb,
775 2704 955 2735 simulasse
981 2707 1103 2736 clicilm·
1127 2707 1155 2736 A
1274 2709 1313 2738 19
1339 2709 1438 2739 ssime
1464 2709 1535 2739 BM
1650 2713 1691 2743 *20
1716 2716 1755 2742 ut

169 2740 247 2771 add.
277 2741 397 2782 lfegsius
488 2745 646 2777 suadens
671 2747 706 2776 M
799 2749 839 2778 21
865 2749 1048 2781 babilonis
1073 2752 1112 2789 A,
1141 2752 1341 2791 Babylonis
1359 2771 1402 2774 ——
1419 2754 1664 2786 Alexandrum
1692 2769 1752 2789 om.

168 2782 216 2814 Bn
241 2790 272 2816 et
298 2789 368 2818 Im.
394 2789 446 2828 Bg
538 2791 754 2832 sepeli*ant
778 2793 807 2822 A
899 2796 940 2825 ⁴22
967 2796 1119 2836 sepellio
1137 2798 1199 2827 Mb
1228 2798 1378 2838 (sepelio
1395 2799 1438 2840 A)
1533 2801 1598 2831 lios
1612 2802 1664 2841 Bg
1684 2805 1750 2834 lm.

257 2834 440 2871 spectauit
466 2835 518 2874 Bg
544 2838 611 2869 Im.
637 2842 668 2867 et
694 2838 729 2866 M
754 2839 942 2878 (spectabit
966 2841 1009 2880 A)
1127 2853 1144 2872 e
1171 2846 1268 2873 tecto
1293 2844 1369 2875 edd.
1399 2850 1479 2879 nell,
1579 2848 1621 2878 23
1648 2848 1752 2878 nimi-

169 2875 239 2905 mia
264 2876 312 2906 Bn
337 2884 369 2910 el
395 2881 465 2911 lm.
491 2880 544 2919 Bg
641 2883 684 2912 ‘24
710 2883 865 2923 positum
892 2894 913 2914 a
1028 2888 1069 2917 25
1095 2887 1187 2917 forte
1213 2888 1275 2918 AB
1374 2891 1528 2922 umbone
1555 2892 1643 2923 AM:
1671 2893 1753 2924 uiti-

169 2917 259 2950 bonc
285 2921 322 2961 B,
348 2925 506 2956 uerbone
533 2927 554 2956 b
629 2927 794 2968 propello
819 2929 867 2959 Bn
892 2934 924 2960 et
953 2932 1021 2962 Im.
1049 2932 1101 2971 Bg
1127 2931 1311 2974 (propellz'l
1334 2934 1376 2976 A)
1472 2937 1513 2967 26
1539 2938 1696 2980 singulis
1709 2938 1748 2969 ΒΙ

256 2967 298 2997 ⁴28
323 2969 504 3009 opinionis
529 2972 558 3002 A
