1939 3180
211 103 291 146 190
735 106 1027 147 QUINTILIANI
1058 105 1177 136 msr.
1211 104 1285 136 on.

209 216 388 268 cretico,
423 213 589 255 stabilis
619 212 665 253 in
698 210 899 252 clausulis
931 210 974 250 et
1004 222 1189 249 seuerus.
1251 207 1455 262 spondius
1494 221 1682 261 quoque,
1728 218 1811 260 quo

207 283 439 339 plurimum
482 283 546 322 est
575 279 886 321 Demosthenes
925 291 1049 328 usus,
1090 290 1177 317 non
1216 276 1362 317 eodem
1400 275 1524 316 modo
1563 290 1729 330 semper
1767 290 1810 316 se

208 352 359 393 habet:
391 350 551 405 optime
582 346 810 403 praecedet
840 360 936 387 eum
968 344 1164 398 creticus,
1197 346 1245 384 ut
1276 344 1321 385 in
1352 343 1452 385 hoc:
1500 343 1556 384 de
1588 358 1687 398 qua
1718 358 1811 398 ego

208 419 346 461 nihil
378 418 549 459 dicam
579 415 689 457 nisi
721 412 1032 468 depellendi
1067 411 1308 461 criminis
1348 425 1520 452 causa.
1583 425 1672 452 non
1702 411 1812 452 nihil

213 490 290 542 est,
324 486 436 542 quod
467 500 596 540 supra
618 484 703 525 dixi
734 482 917 523 multum
938 481 1126 535 referre,v
1144 494 1287 534 ,unone
1308 479 1438 520 uerbo
1461 479 1550 520 sint
1570 478 1652 519 duo
1683 479 1810 533 pedes

211 554 496 610 conprehensi
527 568 583 594 an
604 554 782 606 uterque
808 550 930 590 liber.
974 548 1034 589 sic
1056 549 1170 589 enim
1192 541 1241 588 fit
1262 547 1372 589 forte
1405 551 1414 568 ‘
1429 546 1621 588 criminis
1643 550 1810 600 causa’,

210 624 336 665 molle
359 626 369 644 ς
383 621 672 676 archipiratae
686 625 712 674 ’,
745 617 928 671 mollius,
953 617 987 657 si
1009 616 1250 670 tribrachys
1272 614 1514 671 praecedat,
1540 620 1550 636 ⁰
1564 614 1811 669 facilitates,

141 693 194 735 98
211 692 516 734 temeritates’.
570 691 635 730 est
666 687 780 729 enim
810 685 1022 741 quoddam
1052 685 1146 739 ipsa
1173 684 1385 725 diuisione
1416 683 1643 724 uerborum
1673 683 1814 724 latens

211 755 394 815 tenipus,
427 761 476 800 ut
506 758 551 799 in
583 755 844 812 pentametri
875 753 1013 795 medio
1045 745 1250 807 spondio,
1273 752 1343 807 qui
1376 751 1456 793 nisi
1490 750 1665 792 alterius
1694 751 1811 792 uerbi

211 829 309 884 fine,
343 827 518 869 alterius
549 825 675 867 initio
708 825 891 877 constat,
934 836 1103 863 uersum
1135 835 1222 862 non
1253 821 1399 862 efficit.
1461 822 1613 875 potest,
1647 819 1814 860 etiamsi

213 898 355 939 minus
395 897 526 949 bene,
568 892 777 949 praeponi
817 892 1092 946 anapaestos:
1131 889 1357 930 muliere
1396 904 1496 930 non
1531 888 1695 930 solum
1726 903 1814 930 no-

143 966 334 1020 9911111,
368 978 549 1006 uerum
581 962 740 1004 etiam
772 962 909 1002 nota.
973 974 1068 1000 cum
1105 960 1378 1012 anapaestus,
1413 959 1454 999 et
1487 958 1680 1011 creticus,
1713 957 1815 998 iam-

215 1035 293 1076 bus
325 1047 504 1089 quoque,
539 1031 611 1086 qui
643 1032 708 1071 est
738 1031 917 1083 utroque
949 1027 1114 1082 syllaba
1135 1027 1293 1068 minor:
1326 1025 1553 1080 praecedet
1583 1025 1698 1066 enim
1728 1027 1815 1065 tres

214 1104 368 1158 longas
399 1100 556 1143 breuis.
600 1099 673 1140 sed
706 1100 749 1139 et
779 1096 992 1151 spondeus
1024 1095 1164 1136 iambo
1185 1096 1301 1136 recte
1332 1094 1631 1148 praeponitur:
1667 1092 1817 1150 [isdem

214 1171 275 1229 in]
311 1169 471 1212 armis
502 1169 523 1210 f
529 1168 594 1209 ui.
658 1181 753 1208 cum
785 1164 1012 1219 spondeus,
1047 1166 1089 1205 et
1119 1162 1343 1204 bacchius:
1380 1163 1439 1203 sic
1472 1161 1585 1203 enim
1616 1162 1690 1203 fiet
1719 1161 1814 1202 ulti-

1833 832 1866 857 10

1836 1172 1868 1197 15

122 1242 200 1283 100
216 1254 309 1281 mus
342 1237 583 1280 dochmius:
615 1236 670 1276 in
702 1234 862 1275 armis
894 1233 985 1273 fui.
1039 1247 1089 1273 ex
1120 1232 1186 1286 iis,
1221 1246 1328 1286 quae
1360 1246 1489 1286 supra
1518 1229 1712 1285 probaui,
1746 1244 1839 1285 ap-¹

215 1309 339 1364 paret
368 1307 583 1348 molosson
615 1317 779 1359 quoque
813 1301 1027 1343 clausulae
1060 1301 1301 1354 conuenire,
1334 1299 1434 1340 dum
1464 1298 1623 1340 habeat
1648 1313 1697 1339 ex
1720 1312 1817 1352 quo-

217 1390 394 1431 cumque
440 1373 545 1429 pede
586 1374 685 1413 ante
730 1386 774 1412 se
820 1371 1014 1411 breuem:
1066 1368 1198 1409 illud
1243 1367 1459 1421 scimus,
1504 1367 1817 1420 ubicumque

122 1447 360 1498 lOlsunt,
396 1456 509 1484 esse
539 1456 633 1496 pro
668 1439 835 1481 nobis.
897 1439 1038 1479 minus
1078 1437 1222 1492 grauis
1263 1436 1344 1477 erit
1382 1435 1616 1490 spondeus,
1649 1448 1816 1489 praece-

216 1513 415 1554 dentibus
445 1528 505 1552 **
537 1512 579 1551 et
609 1507 870 1563 pyrrhichio,
904 1509 952 1548 ut
982 1505 1151 1547 iudici
1180 1504 1421 1558 Iuniani,
1455 1506 1497 1545 et
1529 1503 1666 1544 adhuc
1697 1503 1817 1558 peius

216 1582 356 1637 priore
388 1593 566 1635 paeane,
607 1580 655 1619 ut
687 1576 848 1617 Brute
881 1574 1148 1628 dubitaui,
1181 1573 1262 1614 nisi
1295 1573 1437 1628 potius
1468 1572 1549 1614 hoc
1581 1586 1670 1613 esse
1701 1572 1818 1613 uolu-

308 1735 340 1765 3.
366 1743 398 1774 p.
428 1729 530 1763 Cael.
558 1731 611 1769 13,
638 1730 692 1762 31.
834 1728 886 1758 11.
913 1726 964 1757 ib.
989 1725 1008 1764 ἓ
1033 1725 1086 1759 31.
1230 1725 1282 1759 16.
1310 1735 1343 1766 p.
1371 1724 1451 1765 Lig.
1478 1725 1510 1765 3,
1536 1725 1567 1756 9.
1706 1724 1760 1756 20.
1785 1733 1819 1764 p.

217 1779 363 1812 Cluent.
387 1778 406 1817 ξ
433 1779 462 1808 1.
558 1777 611 1807 21.
638 1774 742 1808 Orat.
766 1773 784 1812 ἓ
812 1773 840 1805 1.

311 1918 326 1947 1
354 1916 390 1947 in
418 1912 595 1946 clausulis
621 1923 681 1944 om.
710 1912 737 1942 G
762 1922 814 1951 pr.
842 1921 881 1941 m.
992 1907 1164 1951 spondius
1189 1907 1272 1939 AG:
1298 1906 1481 1948 spondeus
1506 1907 1599 1940 mse
1715 1906 1734 1936 ‘2
1760 1904 1819 1936 de-

220 1966 403 1994 mostenes
420 1961 450 1990 A
543 1969 615 1990 non
642 1956 770 1989 eodem
796 1955 899 1987 modo
926 1965 1069 1996 semper
1087 1964 1125 1985 sc
1147 1953 1259 1985 habet
1283 1953 1426 1993 scripsi:
1452 1952 1605 1984 neodem
1624 1951 1672 1992 (in
1694 1951 1820 1982 eodem

219 2007 328 2049 MSa)
357 2016 501 2047 semper
528 2003 607 2046 (per
632 2013 775 2044 semper
800 2002 834 2041 S)
861 2011 926 2042 per
952 2000 1031 2042 (per
1056 2011 1118 2032 om.
1136 1998 1190 2039 Μ)
1217 2009 1255 2030 se
1281 1998 1395 2030 habet
1419 1998 1553 2028 AGMS
1647 1999 1667 2029 3
1692 1996 1729 2027 111
1755 1996 1822 2028 hoc

219 2056 300 2084 MS:
327 2054 364 2084 in
391 2052 460 2083 hae
478 2051 542 2081 AG
634 2051 655 2080 4
682 2048 845 2079 criminis
862 2048 892 2077 A
916 2048 949 2078 z‘n
974 2057 1046 2077 ras.
1143 2054 1267 2076 causa.
1310 2044 1477 2076 nonnihil
1502 2045 1646 2084 scripsi:
1674 2052 1822 2073 causam

222 2102 350 2139 (causa
376 2097 483 2137 Msa)
510 2094 602 2126 nihil
626 2094 765 2125 AGMS
794 2092 934 2133 (causa.
974 2091 1072 2123 Illud
1100 2093 1168 2131 cst,
1203 2089 1296 2132 quod
1323 2100 1432 2131 supra
1458 2089 1553 2130 dixi,
1591 2088 1743 2120 multum
1768 2098 1821 2118 re-

221 2146 318 2176 ferre
345 2145 422 2176 edd.
450 2142 579 2183 inepte)
605 2141 650 2180 ef.
669 2140 687 2179 ἓ
707 2142 767 2173 65,·
792 2139 874 2170 abiit
898 2139 932 2169 in
949 2137 1013 2168 AG
1038 2146 1153 2168 causa
1178 2132 1200 2166 fi
1220 2137 1254 2167 in
1279 2145 1429 2166 causam
1524 2136 1543 2166 5
1569 2137 1644 2166 sint
1668 2134 1737 2165 duo
1764 2143 1822 2174 pe-

221 2191 284 2222 des
311 2190 383 2221 sint
408 2189 446 2228 G,
475 2188 543 2218 duo
570 2186 681 2228 pedes
707 2186 781 2217 sint
805 2185 840 2214 M
947 2185 964 2215 7
993 2182 1243 2223 archipiratae
1269 2182 1377 2212 msa:
1405 2181 1641 2222 achiperatae
1667 2180 1733 2209 AG

222 2235 369 2268 mollius
396 2234 426 2265 si
453 2232 659 2264 tribrachus
685 2241 723 2271 a,
758 2229 902 2261 mollius
930 2228 1073 2269 (mollus
1098 2228 1144 2267 A,
1172 2226 1288 2259 molus
1314 2227 1382 2265 GS)
1410 2227 1458 2257 sit
1483 2225 1662 2257 tribrachi
1686 2225 1822 2254 AGMs

312 2283 332 2313 8
359 2280 552 2322 quoddam]
581 2277 725 2319 quodad
750 2277 828 2316 AG,
856 2274 950 2317 quod
978 2275 1022 2305 ab
1049 2274 1111 2303 MS
1205 2270 1296 2314 (111111
1314 2272 1492 2303 diuisione
1519 2272 1546 2301 G
1660 2272 1680 2302 9
1706 2270 1824 2301 modio

221 2327 375 2369 spondio
400 2326 473 2362 AG,
503 2323 621 2356 medio
648 2322 810 2365 spondeo
838 2320 1041 2363 (spondcyo
1066 2317 1116 2360 M)
1142 2319 1204 2349 MS
1322 2318 1474 2349 alterius
1499 2317 1537 2347 ui
1563 2316 1613 2358 (in
1638 2317 1685 2355 M)
1712 2315 1824 2347 uerbo

225 2373 323 2404 GMS
350 2371 397 2412 (in
422 2372 451 2401 A
477 2375 556 2402 ante
581 2369 694 2400 uerbo
720 2364 858 2409 rasura)
978 2368 1019 2397 10
1045 2364 1142 2397 effici
1167 2363 1292 2395 A¹GM
1415 2365 1453 2394 11
1483 2365 1682 2405 anapestos
1706 2361 1824 2401 AGM,

222 2421 422 2459 anapestus
447 2418 466 2446 S
562 2417 602 2446 12
630 2425 709 2446 cum
728 2414 879 2446 AGMS:
907 2413 1003 2444 sieut
1023 2411 1177 2452 BonneH,
1207 2414 1280 2441 tuin
1306 2413 1346 2441 ut
1371 2419 1480 2450 antip.
1509 2412 1545 2440 et
1571 2419 1634 2448 01·.,
1660 2408 1713 2438 ita
1738 2407 1826 2437 iani-

224 2465 292 2496 bus
319 2464 406 2497 coni.
434 2462 620 2503 Spuldingy:
647 2465 682 2491 at
714 2459 758 2499 ef.
786 2470 816 2490 ιι.
845 2461 887 2489 15
1029 2457 1157 2488 ambus
1183 2456 1210 2486 G
1357 2457 1396 2486 13
1429 2453 1573 2496 syllaba
1604 2454 1719 2484 minor
1751 2452 1824 2487 AG,

223 2511 285 2541 sed
315 2509 363 2540 ba
394 2508 511 2539 minor
542 2507 572 2537 A
600 2507 635 2537 in
663 2515 805 2543 rasura,
843 2503 974 2535 similis
1001 2502 1043 2543 (¹3)
1075 2504 1192 2533 minor
1216 2502 1269 2537 M,
1304 2503 1343 2531 ut
1376 2501 1407 2531 si
1441 2500 1514 2531 illis
1547 2500 1664 2531 minor
1694 2500 1713 2528 S
1784 2495 1788 2497 ’

226 2557 266 2586 14
292 2555 354 2586 sed
382 2558 418 2585 ct
444 2554 584 2594 lfeffl'us:
612 2551 676 2582 sed
700 2550 845 2585 AGMS‚
874 2552 909 2580 et
935 2549 1015 2580 ΑΜ.
1156 2546 1369 2589 proponitur
1386 2544 1507 2576 A¹GM
1648 2543 1762 2575 isdem
1790 2543 1825 2573 111

226 2602 335 2631 armis
354 2600 471 2638 AGM,
499 2598 534 2628 111
555 2597 664 2628 armis
683 2597 714 2635 S,
741 2606 802 2627 7203
820 2606 889 2625 enm
908 2595 1013 2635 lfeyio
1038 2593 1151 2625 isdem
1171 2594 1206 2623 in
1226 2593 1416 2623 inclusimus
1511 2592 1551 2622 15
1577 2601 1654 2622 cum
1674 2589 1823 2619 AGMS:

225 2650 299 2677 tum
327 2654 366 2685 ς;
399 2656 460 2676 nos
484 2648 561 2685 post
588 2643 770 2684 spondeus
796 2651 920 2672 comma
943 2641 1115 2681 posuimus
1256 2638 1296 2668 16
1328 2637 1530 2668 dochimius
1555 2637 1665 2674 AGS,
1700 2634 1825 2664 dochi-

226 2693 293 2723 inis
319 2692 354 2720 M
471 2690 507 2720 in
534 2689 644 2719 armis
670 2688 725 2719 fui
751 2686 847 2718 libri:
880 2686 917 2716 in
943 2685 1052 2716 armis
1078 2684 1207 2715 iisdem
1236 2682 1287 2713 fui
1315 2683 1482 2724 Spalding]
1506 2693 1576 2712 eum
1603 2680 1824 2718 Grales'emlo,

227 2738 337 2768 :trinis
363 2737 399 2766 in
426 2735 539 2766 isdem
567 2734 619 2765 fui
647 2734 728 2766 Luc.
756 2732 903 2763 [Uneller
929 2732 969 2762 de
995 2742 1033 2762 re
1059 2735 1155 2761 metr.
1179 2741 1213 2770 7).
1232 2730 1299 2759 255
1439 2738 1481 2758 ex
1506 2727 1563 2757 his
1587 2725 1721 2756 AGMS

230 2784 266 2813 17
296 2782 457 2813 moloson
483 2779 574 2815 A'G,
604 2779 768 2809 maloson
794 2779 813 2807 S
909 2778 948 2808 19
975 2774 1285 2818 praecedentibus
1312 2777 1348 2804 ct
1365 2774 1430 2807 Gs,
1458 2771 1766 2813 p1·aece‹lenti***
1785 2769 1825 2807 A,

228 2827 471 2869 praecedento
499 2836 536 2857 se
563 2826 644 2862 Ma,
679 2822 922 2865 praecedente
949 2830 986 2856 ς,
1019 2819 1328 2862 praecedentibus
1359 2818 1480 2849 iambo
1508 2820 1544 2848 et
1569 2817 1752 2857 Spaldiny,
1784 2826 1827 2846 un

230 2873 366 2903 (τη-1100
391 2872 612 2913 supplendum
637 2872 709 2901 esc?
841 2870 884 2900 20
910 2868 1087 2909 pyrrichio
1112 2867 1151 2901 A,
1179 2866 1319 2907 pyffice
1347 2865 1384 2904 G,
1412 2863 1544 2905 pirrice
1571 2863 1589 2892 S
1708 2861 1830 2892 iudicii

230 2918 370 2948 iuniani
396 2918 434 2953 A,
462 2916 589 2947 iudicii
614 2915 740 2946 uniani
767 2915 805 2953 G,
834 2913 961 2944 iudicii
988 2913 1137 2944 humani
1162 2912 1194 2951 S,
1221 2910 1350 2942 iudicii
1377 2909 1501 2939 iuuani
1528 2909 1563 2937 M
1664 2906 1780 2938 adhuc
1807 2917 1827 2937 a

229 2969 260 2993 (Ἰ
290 2964 428 3001 [femus.-
455 2962 499 2992 ad
526 2961 594 2992 1100
620 2961 736 2994 AGM.
766 2959 808 2990 :ld
837 2960 855 2988 S
949 2960 988 2989 ‘21
1017 2968 1157 2999 paeone
1184 2965 1204 2990 ς
1298 2955 1426 2986 brutae
1452 2953 1492 2983 A¹

1837 1513 1870 1538 20
