1939 3180
127 79 212 122 324
650 87 945 127 QUINTILIANI
975 88 1096 120 INST.
1131 87 1206 120 oa.

126 195 218 234 tum
261 192 308 233 in
354 190 562 233 seditione
613 190 883 246 Sulpiciana,
932 191 1043 247 quod
1081 191 1117 232 is
1155 205 1200 232 se
1237 204 1411 246 passum
1440 203 1517 244 pro
1548 188 1729 232 Caesare

126 262 394 316 pugnantem
433 259 722 315 gloriabatur,
763 252 1035 318 ‘numquam'
1056 258 1228 315 fugiens
1266 258 1526 317 respexeris'
1565 257 1728 313 inquit:

127 331 201 370 aut
233 329 394 371 crimen
416 328 644 384 obiectum,
677 330 725 369 ut
746 327 894 371 Cicero
915 327 1258 383 obiurgantibus,
1291 327 1403 383 quod
1424 325 1728 382 sexagenarius

59 396 112 438 76
127 396 356 439 Publiliam
386 396 602 453 uirginem
633 397 837 451 duxisset,
872 399 989 438 ‘cras
1021 395 1173 438 mulier
1204 384 1309 437 erit’
1341 395 1494 450 inquit.
1556 394 1635 436 hoc
1658 408 1729 450 ge-

126 480 206 507 nus
245 465 349 508 dicti
390 479 721 521 consequens
760 466 917 507 uocant
954 464 1125 520 quidam
1164 466 1292 519 atque
1322 463 1385 505 illi
1417 463 1576 517 simile,
1617 461 1763 518 quod5

127 534 274 576 Cicero
314 533 563 589 Curionem,
611 548 778 589 semper
823 533 878 575 ab
925 533 1198 577 excusatione
1245 532 1398 574 aetatis
1437 531 1729 586 incipientem,

124 602 347 644 facilius
379 603 581 644 cotidie
612 602 935 657 prooemium
966 601 1161 643 habere
1193 600 1315 655 dixit,
1349 600 1448 655 quia
1469 600 1552 642 ista
1574 601 1730 641 natura

58 670 110 712 77
125 671 243 726 sequi
290 673 334 713 et
379 671 605 713 cohaerere
648 670 887 712 uideantur.
949 670 1020 712 sed
1067 669 1263 711 eleuandi
1308 683 1444 724 genus
1490 670 1554 710 cst
1599 667 1730 709 etiam

128 754 352 781 causarum
383 739 550 794 relatio,
583 754 666 795 qua
688 738 835 781 Cicero
867 739 932 780 est
960 752 1061 779 usus
1089 738 1135 779 111
1156 737 1395 779 Vatinium.
1457 737 1529 792 qui
1549 735 1729 791 pedibus

127 823 277 863 aeger,
321 823 416 850 cum
456 808 586 850 uellet
616 807 752 849 uideri
786 806 1081 849 commodioris
1120 805 1382 848 ualetudinis
1418 805 1557 847 factus
1598 806 1640 845 et
1671 804 1729 845 di—
1750 814 1781 839 10

128 878 256 932 ceret,
291 891 334 918 se
365 876 451 918 iam
481 877 584 918 bina
615 876 734 918 milia
764 890 964 931 passuum
996 874 1234 929 ambulare,
1276 873 1390 915 ‘dies
1422 873 1558 915 enim'
1590 872 1730 927 inquit

127 945 365 1001 ‘longiores
414 947 552 987 sunt'.
615 947 658 986 et
702 944 924 1000 Augustus
975 943 1276 986 nuntiantibus
1324 941 1728 995 Terraconensibus,

125 1014 313 1068 palmam
344 1014 390 1055 in
422 1028 494 1055 ara
525 1014 614 1055 eius
647 1015 842 1068 enatam,
885 1014 1110 1068 ‘apparet’
1143 1011 1284 1067 inquit
1322 1014 1475 1066 equam
1506 1024 1632 1065 saepe
1663 1023 1731 1050 ac-

58 1081 110 1124 78
127 1082 359 1124 cendatis’.
421 1082 646 1124 transtulit
687 1082 848 1123 crimen
881 1080 1051 1123 Cassius
1084 1079 1285 1122 Seuerus:
1324 1094 1427 1121 nam
1465 1093 1560 1120 cum
1592 1077 1730 1119 obiur-

126 1153 304 1207 garetur
334 1166 359 1192 a
390 1153 608 1205 praetore,
651 1150 762 1205 quod
801 1150 999 1191 aduocati
1031 1149 1120 1191 eius
1151 1148 1197 1190 L.
1230 1147 1346 1190 Varo
1377 1146 1595 1202 Epicurio,
1629 1145 1730 1188 Cae·
1751 1158 1781 1181 1⁵

123 1219 237 1279 paris
269 1219 420 1273 amice,
455 1218 695 1261 conuicium
726 1218 944 1272 fecissent,
979 1217 1170 1259 enescio'
1203 1216 1344 1272 inquit
1375 1217 1469 1271 ‘qui
1502 1214 1730 1257 conuiciati

124 1288 226 1343 sint,
260 1291 303 1330 et
332 1289 436 1343 puto
469 1287 631 1330 Stoicos
662 1286 830 1329 fuisse'.

240 1356 574 1411 Repercutiendi
597 1355 732 1397 multa
754 1356 856 1397 sunt
876 1369 1050 1410 genera,
1074 1353 1437 1408 uenustissimum,
1469 1352 1581 1408 quod
1602 1351 1731 1394 etiam

127 1424 408 1466 similitudine
440 1424 583 1480 aliqua
614 1424 734 1466 uerbi
766 1423 1014 1478 adiuuatur,
1054 1425 1102 1465 ut
1132 1422 1367 1465 Trachalus
1399 1421 1560 1464 dicenti
1592 1419 1732 1462 Suelio

128 1494 186 1535 tsi
218 1493 299 1535 hoc
330 1494 392 1534 ita
423 1495 507 1548 est,
547 1493 583 1535 is
615 1494 660 1534 in
700 1492 911 1546 exilium',
952 1493 1009 1533 esi
1048 1506 1136 1533 non
1177 1494 1242 1533 est
1280 1491 1360 1546 ita,
1402 1490 1537 1532 redis'
1575 1488 1729 1544 inquit.
1750 1501 1783 1525 20

59 1563 113 1604 79
127 1562 254 1603 elusit
285 1561 456 1604 Cassius
478 1561 659 1604 Seuerus
690 1560 903 1602 obiciente
934 1561 1128 1616 quodam,
1164 1560 1275 1616 quod
1306 1560 1343 1601 ei
1375 1559 1497 1600 domo
1528 1572 1603 1599 sua
1631 1557 1733 1598 Pro-

128 1630 288 1672 culeius
320 1630 627 1685 interdixisset,
661 1629 971 1685 respondendO,
1005 1629 1234 1684 cnumquid
1266 1642 1367 1684 ergo
1397 1627 1500 1669 illuc
1522 1625 1730 1669 accedo?’

126 1699 199 1741 sed
240 1699 425 1741 eluditur
456 1701 499 1740 et
536 1698 764 1740 ridiculum
801 1697 1003 1753 ridiculo,
1044 1700 1091 1739 ut
1131 1697 1253 1738 diuus
1285 1697 1528 1751 Augustus,
1568 1710 1662 1737 cuin
1694 1695 1732 1735 ei

128 1767 241 1810 Galli
272 1769 467 1823 torquem
499 1782 672 1809 aureum
706 1768 877 1809 centum
904 1766 1046 1820 pondo
1078 1765 1308 1819 dedissent,
1342 1766 1385 1806 et
1405 1763 1629 1806 Dolabella
1656 1777 1733 1818 per

127 1837 290 1890 iocum,
332 1838 551 1891 temptans
590 1838 736 1877 tamen
774 1835 856 1877 ioci
888 1834 953 1876 sui
985 1836 1198 1888 euentum,
1231 1833 1427 1887 dixisset,
1463 1832 1729 1887 ‘imperator,
1751 1846 1783 1869 223

61 1906 115 1948 80
130 1906 279 1959 torque
310 1919 377 1945 me
408 1904 565 1946 dona':
600 1904 758 1945 ‘malo’
790 1904 931 1958 inquit
963 1905 1027 1944 ‘te
1060 1902 1196 1944 ciuica
1227 1902 1431 1943 donare':
1463 1901 1732 1943 mendacium

129 1987 293 2028 quoque
325 1972 567 2027 mendacio,
599 1974 647 2014 ut
679 1972 838 2026 Galba,
873 1971 1040 2013 dicente
1072 1970 1275 2026 quodam,
1316 1969 1542 2011 uictoriato
1574 1983 1617 2010 se
1647 1982 1732 2010 uno

127 2042 173 2082 in
205 2040 351 2083 Sicilia
382 2041 568 2096 quinque
600 2041 728 2095 pedes
758 2040 935 2095 longam
956 2054 1179 2081 murenam
1202 2038 1374 2080 emisse:
1407 2037 1561 2079 ‘nihil’
1593 2037 1734 2092 inquit

221 2125 236 2154 1
264 2123 466 2165 sulpitiana
485 2123 523 2163 G,
551 2122 725 2164 sulpiana
742 2123 777 2152 M
856 2123 887 2154 is
912 2133 949 2154 se
967 2122 1013 2155 A:
1040 2121 1119 2164 ipsc
1138 2122 1246 2162 GMS,
1272 2121 1351 2163 ipse
1370 2131 1408 2152 se
1428 2122 1470 2152 al.
1565 2121 1586 2151 4
1611 2118 1733 2151 Publi-

128 2169 214 2200 liam
246 2170 299 2202 ed.
328 2169 443 2210 Camp.
478 2173 510 2200 et
535 2168 704 2200 Burman:
743 2167 918 2210 publia*
950 2168 996 2209 A,
1031 2167 1194 2209 publiani
1227 2168 1294 2208 Sa,
1329 2166 1515 2208 publicam
1542 2166 1612 2195 GM
1712 2166 1732 2196 5

127 2218 263 2246 uacant
280 2214 316 2253 *A
410 2214 553 2256 quidem
581 2214 634 2244 Gs
729 2217 838 2255 atque
864 2214 921 2246 illi
947 2231 989 2234 ——
1016 2211 1122 2254 dixit]
1158 2214 1201 2253 ef.
1228 2213 1423 2254 Spaldinyii
1446 2213 1561 2243 adnot.
1588 2212 1664 2244 erit.
1690 2211 1731 2242 (Ie

128 2263 201 2292 loeo
227 2261 406 2300 impedito:
433 2259 528 2292 nobis
553 2261 740 2301 eoeemplum
765 2260 907 2292 alienum
932 2261 1036 2292 locum
1061 2259 1213 2291 obtinere
1240 2260 1393 2293 uidetm·;
1415 2258 1552 2298 facilius
1577 2257 1614 2288 id
1633 2256 1733 2296 feras

126 2311 205 2347 post
230 2305 430 2337 cohaerere
456 2305 652 2337 uideantur
744 2306 764 2336 6
790 2306 938 2337 curione
964 2304 1006 2335 A¹
1102 2306 1120 2336 7
1148 2303 1301 2336 cottidie
1327 2303 1574 2346 prohoemium
1599 2302 1664 2333 AG

128 2353 147 2384 8
174 2351 324 2383 leuandi
349 2350 389 2382 G¹
484 2353 503 2383 9
531 2360 718 2382 causarum
742 2350 875 2382 relatio
899 2352 928 2381 A
1021 2350 1266 2392 quippcdibus
1284 2350 1311 2379 G
1405 2350 1446 2381 10
1472 2347 1733 2380 commodiores

128 2398 193 2428 AG
216 2408 270 2438 pr.
297 2409 337 2429 m.
433 2396 650 2428 ualitudinis
676 2397 798 2428 factus
824 2396 989 2429 ediceret
1012 2397 1110 2427 GMS
1205 2396 1243 2426 11
1270 2404 1434 2436 passuum
1451 2395 1480 2425 A
1575 2395 1614 2425 12
1634 2396 1733 2424 terra

129 2443 352 2474 concnsibus
378 2444 448 2473 GM
567 2444 607 2475 13
635 2445 792 2484 apparet
816 2443 845 2472 A
869 2443 903 2473 in
927 2452 998 2474 ras.
1101 2443 1142 2473 14
1169 2441 1292 2472 casius
1317 2439 1424 2471 A¹GS
1543 2441 1583 2471 15
1608 2438 1630 2469 l.
1656 2439 1731 2468 AS:

128 2488 187 2520 1101
215 2487 294 2530 (per
319 2488 443 2531 comp.)
469 2489 537 2518 GM
676 2498 766 2519 uaro
792 2488 826 2518 S:
862 2498 975 2519 uareo
1001 2488 1074 2526 AG,
1102 2487 1207 2518 uario
1232 2487 1284 2524 M;
1310 2487 1354 2527 ef.
1381 2485 1502 2526 Spald.
1530 2484 1650 2524 Praes'.
1675 2483 1730 2519 II,

126 2546 161 2574 ]).
184 2537 202 2564 7
296 2535 459 2576 epicurio
486 2534 611 2567 AGM:
646 2534 818 2575 epicureo
844 2534 920 2568 Sag
1039 2533 1078 2564 16
1105 2532 1305 2564 conuitium
1329 2532 1420 2562 AGS
1537 2529 1729 2562 conuitiati

130 2580 185 2609 GS
304 2582 341 2612 17
370 2580 433 2612 sed
459 2582 544 2621 puto
572 2580 738 2610 Francius
849 2579 959 2610 fuisse
984 2579 1013 2609 A
1130 2579 1171 2611 18
1195 2575 1469 2619 repercutIendi
1494 2576 1533 2615 A,
1562 2584 1730 2615 repcrcu-

130 2624 230 2656 tendi
255 2626 282 2655 G
397 2625 688 2657 uetustissimum
714 2625 820 2663 GMS,
847 2624 1079 2655 uetus-simum
1104 2624 1132 2654 A
1244 2624 1283 2654 19
1309 2621 1546 2654 similitudine}
1571 2621 1641 2651 GM

128 2670 360 2702 trachalatus
384 2671 425 2711 A,
453 2670 699 2702 trachallatus
725 2671 833 2710 GMS,
860 2680 919 2702 em.
946 2669 1096 2701 Burman
1191 2668 1307 2700 suclio
1324 2668 1353 2698 A
1445 2668 1488 2697 ‘20
1514 2666 1544 2697 is
1561 2666 1640 2696 Ain
1658 2675 1727 2696 ras.

127 2716 211 2755 fort.
238 2716 309 2747 ibis
336 2727 376 2748 ac
401 2718 523 2748 deinde
549 2716 685 2748 redibis
779 2717 818 2746 21
846 2715 1056 2757 proclueius
1074 2715 1191 2753 AGM,
1217 2724 1281 2756 pro
1309 2712 1422 2745 culeis
1440 2713 1459 2742 S
1552 2712 1594 2742 22
1620 2710 1731 2741 111101ιᾼ
1779 2746 1784 2747 ⁷

131 2760 266 2792 dixisse
293 2761 333 2792 A¹
432 2772 499 2804 ego
527 2762 649 2802 Regsz'zcs
758 2763 801 2793 23
829 2761 890 2792 sed
918 2760 1103 2802 Spaldiny:
1130 2760 1182 2792 sic
1208 2760 1288 2791 libr-z·
1378 2755 1495 2798 diuus]
1523 2756 1576 2789 .D.
1603 2756 1673 2785 GM
1699 2759 1730 2786 et

132 2808 184 2837 etl.
206 2806 320 2848 Camp,
417 2808 495 2839 cius
514 2808 583 2837 GM
677 2808 719 2839 25
746 2806 945 2848 imperatur
972 2805 1044 2846 (tur
1069 2817 1133 2846 per
1157 2802 1281 2846 comp.)
1302 2804 1328 2834 G
1420 2803 1462 2833 26
1489 2805 1527 2832 te·
1552 2801 1673 2832 ciuica
1692 2809 1728 2835 ςε

133 2855 188 2882 tor
214 2852 333 2883 ciuica
358 2853 442 2893 AM,
470 2853 638 2884 tcrauica
665 2853 718 2883 GS
812 2853 854 2884 27
880 2851 991 2893 galba
1017 2853 1095 2884 MS:
1123 2850 1225 2892 galla
1249 2850 1313 2879 AG
1406 2846 1561 2889 quadam
1587 2847 1685 2876 GMS

132 2897 328 2928 uictoriam
354 2899 382 2928 A
408 2904 442 2930 ιιι
466 2900 552 2930 coni.
582 2899 723 2939 lt'effl‘as:
750 2897 906 2930 uictoria
932 2896 966 2928 id
994 2896 1054 2937 (ad
1072 2896 1122 2937 M)
1150 2897 1221 2926 GM
1247 2893 1419 2936 (uictoria
1446 2902 1525 2924 asse
1553 2902 1623 2923 uno
1649 2890 1684 2934 S)

131 2942 173 2972 28
200 2941 359 2973 siciliam
386 2944 491 2974 AGM

1892 3079 1939 3106 1,·οὲ
