1939 3228
774 98 832 128 vx.
873 72 908 141 4,
934 96 1080 128 1—11.
1641 88 1725 131 333

129 200 182 242 ad
213 199 401 242 actiones
433 196 652 254 aduocari,
693 200 797 241 alios
838 200 891 241 ad
920 201 1231 255 probationem.
1293 215 1399 256 quae
1431 202 1467 242 si
1498 201 1726 243 diuidenda

129 269 228 309 sunt
250 267 406 322 officia,
429 267 509 309 1100
532 269 645 310 certe
666 268 805 323 magis
826 269 1112 310 necessarium
1136 271 1213 324 est,
1244 269 1571 325 pudendumque
1593 270 1723 324 dictu,

129 335 164 376 si
194 335 289 390 plus
326 335 599 391 litigantibus
638 338 821 391 prosunt
860 337 1059 378 minores.
1121 337 1167 379 in
1198 337 1381 392 publicis
1414 340 1527 379 certe
1556 338 1725 379 iudiciis

127 417 208 445 uox
238 403 312 444 illa
342 404 565 459 praeconis
595 406 767 459 praeter
795 406 998 459 patronos
1029 406 1182 460 ipsum7
1214 406 1286 460 qui
1318 406 1468 461 egerit,
1503 406 1621 448 citat.

33 514 36 516 .
93 481 109 506 5
242 471 359 526 Opus
398 475 463 514 est
499 472 632 528 igitur
670 475 713 514 in
740 473 889 527 primis
920 473 1096 528 ingenio
1128 473 1262 515 ueloci
1302 488 1351 515 ac
1382 474 1550 529 mobili,
1584 473 1764 516 animoS

126 539 342 594 praesenti
374 542 416 582 et
447 541 548 582 acri.
611 555 697 582 non
739 541 852 582 enim
885 541 1183 596 cogitandum,
1216 542 1288 583 sed
1320 542 1546 584 dicendum
1578 543 1725 584 statim

127 609 192 648 est
222 610 264 649 et
293 622 426 663 prope
457 608 534 650 sub
567 611 722 651 conatu
754 609 988 650 aduersarii
1018 624 1169 651 manus
1192 610 1414 665 exigenda.
1477 625 1607 665 quare
1630 625 1725 652 cum

125 676 171 717 in
201 676 314 718 omni
347 678 469 731 parte
501 676 673 718 huiusce
704 676 834 719 officii
865 677 1095 732 plurimum
1124 678 1232 720 facit
1252 680 1364 719 totas
1385 693 1473 719 non
1495 678 1726 734 diligenter

124 744 268 799 modo7
311 745 382 786 sed
415 746 544 786 etiam
574 744 846 787 familiariter
874 760 999 788 nosse
1032 761 1202 800 causas,
1242 749 1331 787 tum
1362 747 1406 787 in
1447 746 1725 788 altercatione

0 808 30 830 ²⁷
76 822 107 847 10
124 812 307 854 maxime
336 814 623 856 necessarium
662 816 727 855 est
763 814 953 855 omnium
991 829 1289 869 personarum,
1328 815 1722 870 instrumentorum,

125 883 385 936 temporum,
426 882 614 924 locorum
652 881 809 924 habere
847 883 1068 924 notitiam:
1107 882 1265 938 alioqui
1304 885 1345 924 et
1383 883 1613 924 tacendum
1645 883 1725 925 erit

126 963 251 1004 saepe
291 951 333 991 et
371 950 464 992 aliis
505 950 813 992 subicientibus
855 951 1121 1006 (plerumque
1161 953 1303 992 autem
1335 951 1474 992 studio
1519 951 1721 1007 loquendi

127 1017 285 1070 †fatue
316 1018 467 1074 modo)
493 1018 799 1060 accedendum:
832 1034 913 1072 quo
943 1034 1266 1074 nonnumquam
1299 1019 1466 1073 accidit,
1498 1022 1546 1060 ut
1576 1023 1724 1061 nostra

126 1086 377 1128 credulitate
409 1087 549 1128 aliena
579 1086 765 1128 stultitia
796 1088 1105 1129 erubescamus.
1166 1102 1302 1142 neque
1330 1089 1500 1129 tantuin
1533 1102 1627 1129 cum
1658 1087 1765 1129 11159

77 1164 108 1190 15
125 1155 228 1210 ipsis
268 1155 549 1197 monitoribus
590 1155 698 1197 clam
736 1170 802 1197 res
841 1155 941 1197 erit:
990 1156 1162 1211 quidam
1200 1156 1367 1197 faciunt
1406 1158 1571 1211 aperte,
1618 1170 1724 1211 quae

125 1223 323 1265 rixemur.
385 1223 529 1265 uideas
569 1224 683 1265 enim
728 1224 950 1279 plerosque
995 1224 1058 1265 ira
1099 1224 1284 1278 percitos
1330 1224 1631 1277 exclamantis,
1679 1227 1725 1265 ut

125 1291 249 1333 iudex
288 1291 434 1333 audiat
474 1293 734 1334 contrarium
773 1293 816 1334 id
855 1307 966 1346 esse,
1005 1293 1115 1347 quod
1154 1292 1486 1347 admoneantur,
1533 1293 1724 1348 sciatque

123 1359 208 1414 ille,
241 1360 312 1414 qui
333 1361 689 1415 pronuntiaturus
712 1363 776 1403 cst-
797 1361 842 1402 in
866 1375 1006 1415 causa,
1041 1361 1199 1402 malum
1230 1361 1338 1415 quod
1372 1363 1551 1402 tacetur.
1594 1376 1724 1416 quare
1742 1364 1791 1403 111

126 1428 260 1469 bonus
300 1428 529 1470 altercator
568 1429 673 1471 uitio
720 1429 964 1471 iracundiae
1009 1432 1171 1471 careat:
1217 1429 1357 1470 nullus
1406 1430 1519 1470 enim
1565 1430 1723 1471 rationi

21 1527 25 1530 ⁴
75 1506 107 1531 20
125 1496 263 1551 magis
295 1496 438 1538 obstat
468 1497 660 1539 adfectus
693 1500 734 1539 et
766 1498 849 1539 fert
881 1501 1001 1539 extra
1034 1512 1206 1539 causam
1238 1497 1484 1553 plerumque
1516 1500 1558 1539 et
1589 1498 1723 1539 defor-

125 1564 210 1606 mia
251 1564 445 1606 conuicia
482 1565 623 1606 facere
663 1580 710 1607 ac
750 1566 901 1608 mereri
942 1567 1058 1621 cogit
1096 1568 1138 1607 et
1176 1567 1220 1607 in
1258 1566 1372 1621 ipsos
1403 1580 1723 1621 nonnumquam

124 1633 283 1674 iudices
322 1633 490 1675 incitat.
552 1633 700 1675 melior
745 1634 979 1676 moderatio
1017 1649 1065 1676 ac
1112 1649 1432 1689 nonnumquam
1476 1635 1606 1676 etiam
1651 1650 1723 1689 pa-

124 1701 301 1743 tientia:
333 1716 468 1757 neque
500 1702 614 1744 enim
646 1702 873 1744 refutanda
904 1705 1087 1757 tantum,
1122 1717 1228 1757 quae
1261 1718 1310 1744 ex
1341 1703 1555 1745 contrario
1578 1703 1722 1745 dicun-

124 1770 207 1824 tur,
240 1770 313 1811 sed
345 1771 671 1825 contemnenda,
706 1771 925 1825 eleuanda7
957 1771 1134 1812 ridenda
1165 1774 1278 1825 sunt,
1312 1786 1390 1813 nec
1422 1786 1599 1826 usquam
1628 1772 1722 1826 plus

75 1847 107 1872 25
125 1837 207 1879 1001
237 1838 388 1893 recipit
417 1838 653 1880 urbanitas.
715 1840 807 1893 hoc,
840 1839 939 1880 dum
970 1840 1071 1881 ordo
1104 1842 1166 1881 est
1198 1842 1240 1881 et
1271 1840 1423 1895 pudor:
1458 1842 1606 1880 contra
1636 1841 1723 1880 tur-

108 1905 266 1962 *hantis
299 1906 540 1948 audendum
571 1909 613 1948 et
633 1907 909 1962 inpudentiae
939 1908 1108 1949 fortiter
1139 1908 1436 1949 resistendum.
1479 1910 1579 1949 sunt
1609 1908 1818 1951 enimlh

73 1984 75 1986 '
125 1974 295 2029 quidam
334 1975 533 2030 praeduri
565 1975 610 2016 in
641 1975 721 2017 hoc
753 1976 835 2017 oris
846 2009 856 2030 ,
896 1978 944 2017 ut
982 1976 1236 2031 obstrepant
1267 1976 1434 2032 ingenti
1468 1976 1648 2018 clamore
1681 1979 1721 2017 et

216 2081 232 2110 1
260 2080 305 2111 ad
332 2081 514 2112 actionem
540 2080 684 2112 malebat
710 2080 874 2122 Spaldiny
994 2081 1170 2112 aduocari
1195 2082 1240 2112 A:
1269 2081 1394 2112 uocari
1418 2082 1491 2113 rell.
1624 2084 1644 2113 5
1670 2082 1721 2112 in-

125 2125 209 2166 geni
233 2124 274 2155 A¹
371 2136 413 2156 ac
440 2125 564 2157 mobili
589 2126 616 2156 G
639 2136 667 2158 s.
695 2128 716 2157 l.
811 2127 830 2157 6
857 2126 949 2157 satis
974 2125 1175 2167 A(?)GMS,
1203 2127 1311 2158 satim
1338 2136 1369 2167 a,
1397 2137 1456 2158 em.
1484 2128 1537 2160 ed.
1557 2126 1673 2168 Camp.

126 2171 144 2201 7
171 2170 356 2202 aduersari
373 2170 413 2201 A¹
427 2172 454 2202 G
556 2171 731 2213 erigenda
748 2173 790 2203 al.
885 2172 905 2202 8
930 2172 968 2202 in
986 2173 1021 2203 S:
1048 2183 1109 2204 om.
1127 2173 1232 2202 AGM
1311 2171 1435 2203 offici*
1453 2173 1482 2202 A
1575 2174 1594 2204 9
1612 2182 1721 2203 nosse

126 2215 265 2256 Regius:
293 2223 412 2248 nos**
438 2227 544 2248 nosse
569 2217 609 2257 A,
636 2227 701 2248 nos
728 2227 836 2249 nosse
862 2219 935 2250 rell.
1031 2221 1106 2249 tum
1131 2227 1167 2248 a:
1195 2222 1282 2249 tunc
1308 2218 1441 2248 AGMS
1561 2219 1599 2248 11
1628 2217 1721 2249 alio·

127 2261 212 2302 quin
235 2262 297 2291 MS
392 2263 462 2294 erit
486 2263 617 2293 Aldus:
644 2272 730 2304 ergo
755 2263 843 2300 libri,
873 2265 928 2294 est
946 2262 1069 2304 Reffl'us
1164 2264 1204 2294 12
1232 2266 1354 2294 autem
1372 2263 1526 2294 AGMS:
1552 2274 1615 2295 om.
1642 2264 1719 2295 edd.

186 2307 226 2339 13
252 2307 378 2339 fatuae
403 2307 506 2339 modo
532 2307 708 2349 Spaldiny,
738 2318 801 2349 quo
828 2319 893 2340 non
918 2309 1048 2339 multum
1073 2310 1259 2344 &termnum
1285 2320 1358 2339 nam
1384 2309 1500 2340 durius
1523 2308 1617 2349 foret
1640 2319 1719 2349 snp-

125 2352 218 2391 plere
243 2352 445 2394 subiciunt;
469 2353 554 2393 for-t.
582 2353 775 2384 fatuantur
874 2352 970 2394 quod
995 2354 1042 2384 Sa
1158 2364 1426 2395 nonnumquam
1452 2354 1497 2386 A:
1524 2364 1719 2395 numquam

127 2396 223 2428 GMS
315 2402 354 2430 ut
378 2399 407 2429 A
432 2403 463 2430 et
491 2398 633 2440 Regius:
659 2398 696 2430 in
722 2400 829 2439 GMS,
856 2402 896 2430 ut
923 2399 959 2430 in
985 2407 1005 2434 ς
1100 2401 1140 2430 14
1168 2399 1417 2431 erubisearnus
1441 2398 1482 2429 A¹
1578 2409 1612 2431 n.
1638 2402 1719 2430 tan—

126 2443 198 2473 tum
223 2453 302 2475 cum
330 2443 386 2475 his
410 2444 501 2486 ipsis
526 2444 769 2476 monitoribus
796 2444 891 2476 clam
917 2454 974 2476 res
993 2445 1062 2476 erit
1086 2445 1211 2486 scripsi
1231 2449 1419 2486 praeeunte
1439 2444 1658 2485 ›S'palclingyz'os
1684 2455 1719 2477 11.

126 2489 198 2518 tam
225 2498 305 2520 cum
332 2487 490 2531 (tantum
516 2489 549 2529 S)
576 2489 633 2521 his
660 2490 750 2530 ipsis
775 2490 1012 2521 monitoribus
1046 2489 1219 2521 clarescit
1250 2490 1344 2530 libri,
1377 2500 1411 2520 n.
1445 2489 1516 2520 iam
1552 2500 1633 2520 cum
1663 2489 1719 2521 his

62 2564 71 2576 ι
127 2531 215 2573 ipsis
240 2544 285 2566 m.
313 2534 404 2566 elam
433 2545 490 2566 res
516 2534 555 2566 fit
580 2535 747 2577 Spalding]
843 2536 883 2567 15
904 2535 988 2575 fort.
1017 2535 1157 2566 iaciunt
1182 2536 1227 2576 ef.
1253 2546 1327 2567 nar.
1351 2537 1429 2566 leet.
1455 2535 1502 2566 ad
1519 2537 1548 2571 6,
1569 2536 1602 2574 3,
1622 2536 1666 2566 42

129 2579 168 2609 16
195 2579 444 2612 exclamantes
471 2581 594 2621 (ἴδας,
623 2581 718 2612 enim
744 2597 786 2602 —
813 2580 965 2612 exclam.
990 2591 1052 2612 om.
1078 2582 1113 2610 M
1224 2582 1263 2612 17
1290 2580 1557 2612 admoncantur
1582 2581 1719 2622 Zumpl:

128 2622 344 2657 admoneant
369 2626 445 2667 AG,
474 2626 713 2657 admoneatur
738 2627 800 2656 MS
893 2626 1056 2668 sciatque
1081 2626 1120 2665 A,
1149 2626 1340 2667 sciantque
1367 2627 1393 2656 G
1488 2626 1528 2657 18
1554 2628 1610 2657 est
1632 2627 1662 2656 A
1686 2627 1719 2657 in

70 2696 73 2699 .
125 2678 196 2702 ras,
289 2672 329 2702 19
355 2671 471 2702 bonus
496 2671 625 2705 altere.
646 2689 685 2693 —-
705 2671 837 2702 incitat
861 2671 983 2702 habent
1008 2682 1084 2704 ecce.
1112 2671 1264 2703 Cassiod.
1289 2682 1325 2712 p.
1344 2672 1424 2710 503,
1445 2672 1490 2703 31
1583 2670 1719 2702 nullius

128 2713 194 2755 Gs,
220 2714 329 2747 nullis
353 2717 388 2746 Μ
481 2716 574 2748 ratio
599 2715 642 2746 A1
748 2718 790 2749 ‘20
817 2715 889 2748 fert
913 2717 978 2747 AG
1002 2721 1036 2748 ut
1061 2718 1148 2748 coni.
1177 2716 1317 2757 Hessius:
1345 2716 1420 2747 sere
1448 2714 1534 2757 (feri
1557 2716 1608 2757 M)
1635 2718 1716 2749 dett.

215 2759 426 2803 plerumque
454 2765 490 2793 et
515 2762 667 2794 Cassiod.
678 2773 689 2793 .·
715 2765 752 2794 et
776 2761 989 2803 plerumque
1016 2765 1052 2793 et
1077 2762 1228 2802 AGMS,
1257 2765 1292 2792 et
1317 2761 1529 2803 plerumque
1556 2769 1605 2796 εις

128 2803 168 2834 21
194 2806 356 2838 conuitia
383 2808 436 2837 Gs
567 2808 611 2838 24
636 2806 901 2839 contemnenda
926 2808 962 2838 S:
991 2807 1214 2840 continenda
1238 2807 1362 2846 AGM,
1388 2807 1432 2847 es.
1453 2809 1484 2846 5,
1505 2808 1562 2847 13,
1582 2809 1626 2838 22

130 2848 173 2879 25
196 2851 327 2892 recipit
353 2852 507 2894 (recepit
531 2850 564 2895 S)
591 2853 686 2884 libri:
712 2853 850 2894 reperit
876 2852 998 2894 Reyins
1128 2852 1195 2883 hoc
1223 2852 1305 2883 (111111
1333 2852 1518 2894 Spalding:
1548 2852 1716 2884 hocdium

128 2892 190 2944 ,AG
215 2893 347 2935 (odium
372 2898 511 2929 mordet
537 2901 574 2930 ct
599 2898 712 2940 pudor
737 2899 799 2928 MS
824 2904 857 2930 et
882 2897 979 2939 (lect.)
1075 2899 1118 2929 2ss
1145 2897 1362 2929 audiendum
1390 2899 1416 2928 G
1437 2909 1495 2938 pr.
1520 2909 1559 2932 m.
1589 2903 1620 2929 et
1645 2899 1679 2929 M

128 2940 342 2981 inpudentia
365 2943 393 2973 A
